% Last update: 2/15, 2020


@string(AIHPPS= "Ann. Inst. Henri Poincar\'{e} Probab. Stat.")
@string(AOP= "Ann. Probab.")
@string(JFA= "J. Funct. Anal.")
@string(JTP= "J. Theoret. Probab.")
@STRING(PTRF= "Probab. Theory Relat. Fields")
@string(SPA= "Stochastic Process. Appl.")
@string(SPL= "Statist. Probab. Lett.")
@string(MWR= "Mon. Wea. Rev.")
@string(CAMCS="Communications in Applied Mathematics Computational Sciences")



@article{LLMTZ19,
  title={On the identifiability of interaction functions in systems of interacting particles},
  author={Li, Zhongyang and Lu, Fei and Maggioni, Mauro and Tang, Sui and Zhang, Cheng},
  journal={arXiv:1912.11965},
  year={2019}
}


@article{alberty1999remarks,
  title={Remarks around 50 lines of Matlab: short finite element implementation},
  author={Alberty, Jochen and Carstensen, Carsten and Funken, Stefan A},
  journal={Numer. Algorithms},
  volume={20},
  number={2-3},
  pages={117--137},
  year={1999},
  publisher={Springer}
}


% nonparametric Bayes inference
@article{muller2013bayesian,
  title={Bayesian nonparametric inference--why and how},
  author={M{\"u}ller, Peter and Mitra, Riten},
  journal={Bayesian analysis},
  volume={8},
  number={2},
  year={2013},
  publisher={NIH Public Access}
}


@article{massart2007concentration,
  title={Concentration inequalities and model selection},
  author={Massart, Pascal},
  publisher={Springer}
}

@book{ghosal2017fundamentals,
  title={Fundamentals of nonparametric Bayesian inference},
  author={Ghosal, Subhashis and Van der Vaart, Aad},
  volume={44},
  year={2017},
  publisher={Cambridge University Press}
}

@book{Lax02,
  title={Functional Analysis},
  author={Lax, Peter D.},
  year={2002},
  publisher={John Wiley \& Sons Inc., New York}
}


@book{Khasminskii12,
  title={Stochastic Stability of Differential Equations },
  author={Khasminskii, Rafail},
  year={2012},
  volume={66},
  edition = {2},
  publisher={Springer-Verlag Berlin Heidelberg},
  ISBN = {978-3-642-23280-0},
  DOI ={10.1007/978-3-642-23280-0}
}


@book{van2000asymptotic,
  title={Asymptotic statistics},
  author={Van der Vaart, Aad W},
  volume={3},
  year={2000},
  publisher={Cambridge university press}
}

@article{cowles1996markov,
  title={Markov chain {Monte Carlo} convergence diagnostics: a comparative review},
  author={Cowles, Mary Kathryn and Carlin, Bradley P},
  journal={J. Am. Stat. Assoc.},
  volume={91},
  number={434},
  pages={883--904},
  year={1996},
  publisher={Taylor \& Francis Group}
}
% J AM STAT ASSOC


**** positive definite kernel *****
@book{BCR84,
  title={Harmonic analysis on semigroups: theory of positive definite and related functions},
  author={Berg, Christian and Christensen, Jens Peter Reus and Ressel, Paul},
  volume={100},
  year={1984},
  publisher={New York: Springer}
  }
  
  @book{RKSF13,
  title={The methods of distances in the theory of probability and statistics},
  author={Rachev, Svetlozar T and Klebanov, Lev and Stoyanov, Stoyan V and Fabozzi, Frank},
  year={2013},
  publisher={Springer Science \& Business Media}
}

@article{Chang96,
  title={Strictly positive definite functions},
  author={Chang, Kuei-Fang},
  journal={J. Approx. Theory},
  volume={87},
  number={2},
  pages={148--158},
  year={1996},
  publisher={Elsevier}
}

@article{Schreiner97,
  title={On a new condition for strictly positive definite functions on spheres},
  author={Schreiner, Michael},
  journal={Proc. Am. Math. Soc.},
  volume={125},
  number={2},
  pages={531--539},
  year={1997}
}

@article{Fasshauer11,
  title={Positive definite kernels: past, present and future},
  author={Fasshauer, Gregory E.},
  journal={Dolomite Research Notes on Approximation},
  volume={4},
  number={},
  pages={21-63},
  year={2011},
  publisher={}
}


}


@book{barenblatt2003,
place={Cambridge}, 
series={Cambridge Texts in Applied Mathematics}, 
title={Scaling}, DOI={10.1017/CBO9780511814921}, 
publisher={Cambridge University Press}, 
author={Barenblatt, Grigory Isaakovich}, 
year={2003}, 
collection={Cambridge Texts in Applied Mathematics}}



 %% Mauro: Molecular dynamics

@article{little2017multiscale,
  title={Multiscale geometric methods for data sets I: Multiscale SVD, noise and curvature},
  author={Little, Anna V and Maggioni, Mauro and Rosasco, Lorenzo},
  journal={Appl. Comput. Harmon. Anal. },
  volume={43},
  number={3},
  pages={504--567},
  year={2017},
  publisher={Elsevier}
}


@article{rohrdanz2011determination,
  title={Determination of reaction coordinates via locally scaled diffusion map},
  author={Rohrdanz, Mary A and Zheng, Wenwei and Maggioni, Mauro and Clementi, Cecilia},
  journal={The Journal of chemical physics},
  volume={134},
  number={12},
  pages={03B624},
  year={2011},
  publisher={AIP}
}

@inproceedings{bouvrie2012geometric,
  title={Geometric multiscale reduction for autonomous and controlled nonlinear systems},
  author={Bouvrie, Jake and Maggioni, Mauro},
  booktitle={Decision and Control (CDC), 2012 IEEE 51st Annual Conference on},
  pages={4320--4327},
  year={2012},
  organization={IEEE}
}

@article{Brunton2015,
arxivId = {1509.03580},
author = {Brunton, Steven L. and Proctor, Joshua L. and Kutz, J. Nathan},
doi = {10.1073/pnas.1517384113},
eprint = {1509.03580},
issn = {0027-8424},
number = {15},
pages = {3932--3937},
pmid = {27035946},
title = {{Discovering governing equations from data: Sparse identification of nonlinear dynamical systems}},
volume = {113},
year = {2015}
}


********* AAA *****************************

@article{AM88,
  author={Airault, H. and Malliavin, P.},
  title={Int{\'e}gration g{\'e}om{\'e}trique sur lespace de {W}iener},
  journal={Bull. Sci. Math},
  volume={112},
  number={1},
  pages={3--52},
  year={1988}
}

@article{AH10,
  title={Stochastic flocking dynamics of the {Cucker--Smale} model with multiplicative white noises},
  author={Ahn, Shin Mi and Ha, Seung-Yeal},
  journal={Journal of Mathematical Physics},
  volume={51},
  number={10},
  pages={103301},
  year={2010},
  publisher={AIP}
}

@article{andrieu2010particle,
  title={Particle {Markov} chain {Monte Carlo} methods},
  author={Andrieu, Christophe and Doucet, Arnaud and Holenstein, Roman},
  journal={Journal of the Royal Statistical Society: Series B (Statistical Methodology)},
  volume={72},
  number={3},
  pages={269--342},
  year={2010},
  publisher={Wiley Online Library}
}

@article{lindsten2014particle,
  title={Particle Gibbs with ancestor sampling},
  author={Lindsten, Fredrik and Jordan, Michael I and Sch{\"o}n, Thomas B},
  journal={The Journal of Machine Learning Research},
  volume={15},
  number={1},
  pages={2145--2184},
  year={2014},
  publisher={JMLR. org}
}

@book{applebaum2009levy,
  title={L{\'e}vy processes and stochastic calculus},
  author={Applebaum, David},
  year={2009},
  publisher={Cambridge university press}
}


  @article{AM11,
  title={A weak trapezoidal method for a class of stochastic differential equations},
  author={Anderson, D. F. and Mattingly, J. C.},
  journal={Commun. Math. Sci.},
  volume={9},
  number={1},
  year={2011}
}

@article{And07loc,
  title={Exploring the need for localization in ensemble data assimilation using a hierarchical ensemble filter},
  author={Anderson, J. L.},
  journal={Physica D: Nonlinear Phenomena},
  volume={230},
  number={1},
  pages={99--111},
  year={2007},
  publisher={Elsevier}
}

@article{And07aci,
  title={An adaptive covariance inflation error correction algorithm for ensemble filters},
  author={Anderson, J. L.},
  journal={Tellus A},
  volume={59},
  number={2},
  pages={210--224},
  year={2007},
  publisher={Wiley Online Library}
}

@article{And09,
  title={Spatially and temporally varying adaptive covariance inflation for ensemble filters},
  author={Anderson, J. L.},
  journal={Tellus A},
  volume={61},
  number={1},
  pages={72--83},
  year={2009},
  publisher={Wiley Online Library}
}

@article{And12,
  title={Localization and sampling error correction in ensemble {Kalman} filter data assimilation},
  author={Anderson, J. L.},
  journal={Mon. Wea. Rev.},
  volume={140},
  number={7},
  pages={2359--2371},
  year={2012}
}

@article{AA99,
  title={A {Monte Carlo} implementation of the nonlinear filtering problem to produce ensemble assimilations and forecasts},
  author={Anderson, J. L and Anderson, S. L},
  journal={Mon. Wea. Rev.},
  volume={127},
  number={12},
  pages={2741--2758},
  year={1999}
}

@article{And70,
  title={Asymptotic properties of conditional maximum-likelihood estimators},
  author={Andersen, E. B.},
  journal={J. R. Stat. Soc. Series B},
  pages={283--301},
  year={1970},
  publisher={JSTOR} }



@article{AIS04,
  author={Arnold, L. and Imkeller, P. and Sri Namachchivaya, N.},
  title={The asymptotic stability of a noisy non-linear oscillator},
  journal={J. Sound Vib.},
  volume={269},
  number={3},
  pages={1003--1029},
  year={2004},
  publisher={Elsevier}  }

@incollection{AI00,
  author={Arnold, L. and Imkeller, P.},
  title={The {K}ramers oscillator revisited},
  booktitle = {Stochastic Processes in Physics, Chemistry, and Biology},
  series = {Lecture Notes in Physics},
  editor = {J. Freund and T. P\"oschel},
  volume ={557},
  pages={280},
  year={2000},
  publisher={Springer, Berlin}
  }

@article{AMP13,
        author = "Arnold, H. M. and Moroz, I. M. and Palmer, T. N.",
	title = "Stochastic parametrization and model uncertainty in the {L}orenz'96 system",
	journal = "Phil. Trans. R. Soc. A",
	volume = "371",
	number= " ",
	year = "2013",
	pages = "20110479 "
}

@book{ABHN11,
 author = {Arendt, W. and Batty, C.J.K. and Hieber, M. and Neubrander, F.},
 title = {Vector-valued Laplace Transforms and Cauchy Problems},
 volume ={96, Monographs in Mathematics},
 year = {2011},
 edition = {2nd},
 isbn = {},
 publisher = {Birkh\"auser/Springe Basel AG},
 address = {Basel} }


@article{AMC13,
        author = "Atkins, E. and Morzfeld, M. and  Chorin, A. J.",
	title = "Implicit particle methods and their connection with variational data assimilation",
	journal = "Mon. Wea. Rev.",
	volume = "141",
	year = "2013",
	number= "6 ",
	pages = "1786-1803"  }


********* BBB *****************************

@article{benner2015survey,
  title={A survey of projection-based model reduction methods for parametric dynamical systems},
  author={Benner, Peter and Gugercin, Serkan and Willcox, Karen},
  journal={SIAM review},
  volume={57},
  number={4},
  pages={483--531},
  year={2015},
  publisher={SIAM}
} 
@article{BD14,
  author={Balan, R. M. and Conus, D.},
  title={A note on intermittency for the fractional heat equation},
  journal={Statist. Probab. Lett.},
  volume={95},
  pages={6--14},
  year={2014},
  publisher={Elsevier}
}

@article{Bat1915,
  title={Some recent researches on the motion of fluids},
  author={Bateman, Harry},
  journal={Monthly Weather Review},
  volume={43},
  number={4},
  pages={163--170},
  year={1915}
}

@article{BGW15,
  title={A survey of projection-based model reduction methods for parametric dynamical systems},
  author={Benner, P. and Gugercin, S. and Willcox, K.},
  journal={SIAM review},
  volume={57},
  number={4},
  pages={483--531},
  year={2015},
  publisher={SIAM},
  fullname = {Benner, Peter and Gugercin, Serkan and Willcox, Karen}  
}

@article{BH14,
  title={Linear theory for filtering nonlinear multiscale systems with model error},
  author={Berry, T. and Harlim, J.},
  journal ={Proc. R. Soc. A},
  volume={470},
  number={2167},
  year={2014},
  doi = {10.1098/rspa.2014.0168},
  organization={The Royal Society}
}


@article{Binev2006,
title = {{Universal algorithms for learning theory part I: piecewise constant functions}},
author = {Binev, Peter and Cohen, Albert and Dahmen, W},
journal = {{Journal of Machine Learning}},
pages = {1297--1321},
url = {http://citeseerx.ist.psu.edu/viewdoc/download?doi=10.1.1.93.761{\&}rep=rep1{\&}type=pdf},
volume = {6},
year = {2006},
abstract = {This paper is concerned with the construction and analysis of a universal estimator for the regression problem in supervised learning. Universal means that the estimator does not depend on any a priori assumptions about the regression function to be estimated. The universal estimator studied in this paper consists of a least-square fitting procedure using piecewise constant functions on a partition which depends adaptively on the data. The partition is generated by a splitting procedure which differs from those used in CART algorithms. It is proven that this estimator performs at the optimal convergence rate for a wide class of priors on the regression function. Namely, as will be made precise in the text, if the regression function is in any one of a certain class of approximation spaces (or smoothness spaces of order not exceeding one - a limitation resulting because the estimator uses piecewise constants) measured relative to the marginal measure, then the estimator converges to the regression function (in the least squares sense) with an optimal rate of convergence in terms of the number of samples. The estimator is also numerically feasible and can be implemented on-line.},
}

@article{binev2007universal, 
  title={Universal algorithms for learning theory. part II: Piecewise polynomial functions},
  author={Binev, Peter and Cohen, Albert and Dahmen, Wolfgang and DeVore, Ronald},
  journal={Constructive approximation},
  volume={26},
  number={2},
  pages={127--152},
  year={2007},
  publisher={Springer},
}



@article{Ber85,
  title={The estimation of parameters in non-stationary higher order continuous-time dynamic models},
  author={Bergstrom, A. R.},
  journal={Econometric Theory},
  volume={1},
  number={03},
  pages={369--385},
  year={1985},
  publisher={Cambridge Univ. Press}
}

@book{BW02,
 author = {Bernard, P. and Wallace, J.},
 title = {Turbulent Flow: Analysis, Measurement, and Prediction},
 year = {2002},
 isbn = {},
 publisher = {Wiley, Hoboken NJ},
 address = {},
}

@article{BC95,
  author={Bertini, L. and Cancrini, N.},
  title={The stochastic heat equation: {Feynman-Kac} formula and intermittence},
  journal={J. Statis. Phys.},
  volume={78},
  number={5-6},
  pages={1377--1401},
  year={1995},
  publisher={Springer}
}

@book{Bil13,
 author = {Billings, S. A.},
 title = {Nonlinear System Identification: NARMAX Methods in the Time, Frequency, and Spatiotemporal Domains},
 year = {2013},
 isbn = {},
 publisher = {John Wiley and Sons},
 address = {},
}

@article{BH07,
  title={Flow-adaptive moderation of spurious ensemble correlations and its use in ensemble-based data assimilation},
  author={Bishop, C. H. and Hodyss, D.},
  journal={Q. J. R. Meteorol. Soc.},
  volume={133},
  number={629},
  pages={2029--2044},
  year={2007},
  publisher={Wiley Online Library}
}

@article{BH09a,
  title={Ensemble covariances adaptively localized with {ECO-RAP. Part 1}: Tests on simple error models},
  author={Bishop, C. H. and Hodyss, D.},
  journal={Tellus A},
  volume={61},
  number={1},
  pages={84--96},
  year={2009},
  publisher={Wiley Online Library}
}

@article{BH09b,
  title={Ensemble covariances adaptively localized with {ECO-RAP. Part 2}: a strategy for the atmosphere},
  author={Bishop, C. H. and Hodyss, D.},
  journal={Tellus A},
  volume={61},
  number={1},
  pages={97--111},
  year={2009},
  publisher={Wiley Online Library}
}

@article{BCC11,
  title={Stochastic mean-field limit: {non-Lipschitz} forces and swarming},
  author={Bolley, Fran{\c{c}}ois and Canizo, Jos{\'e} A and Carrillo, Jos{\'e} A},
  journal={Mathematical Models and Methods in Applied Sciences},
  volume={21},
  number={11},
  pages={2179--2210},
  year={2011},
  publisher={World Scientific}
}


@article{BCC12,
  title={Mean-field limit for the stochastic {Vicsek} model},
  author={Bolley, Fran{\c{c}}ois and Ca{\~n}izo, Jos{\'e} A and Carrillo, Jos{\'e} A},
  journal={Applied Mathematics Letters},
  volume={25},
  number={3},
  pages={339--343},
  year={2012},
  publisher={Elsevier}
}

@article{Bow14,
 author = {J. C. Bowman},
 title = {How Important is Dealiasing for Turbulence Simulations?},
 journal = "",
 volume = "",
 number= " ",
 year = "2014",
 publisher ="online slides: http://helper.ipam.ucla.edu/publications/mtws1/mtws1_12187.pdf., University of Alberta."
}

@article{brunton2017chaos,
  title={Chaos as an intermittently forced linear system},
  author={Brunton, Steven L and Brunton, Bingni W and Proctor, Joshua L and Kaiser, Eurika and Kutz, J Nathan},
  journal={Nature Communications},
  volume={8},
  year={2017},
  publisher={Nature Publishing Group}
}

@article{Brunton12042016,
author = {Brunton, Steven L. and Proctor, Joshua L. and Kutz, J. Nathan}, 
title = {Discovering governing equations from data by sparse identification of nonlinear dynamical systems},
volume = {113}, 
number = {15}, 
pages = {3932-3937}, 
year = {2016}, 
doi = {10.1073/pnas.1517384113}, 
URL = {http://www.pnas.org/content/113/15/3932.abstract}, 
eprint = {http://www.pnas.org/content/113/15/3932.full.pdf}, 
journal = {Proceedings of the National Academy of Sciences} 
}


@article{Bro01,
  title={Continuous-time {ARMA} processes},
  author={Brockwell, P. J.},
  journal={Handbook of Statistics},
  volume={19},
  pages={249--276},
  year={2001},
  publisher={Elsevier}
}

@article{Bro14,
  title={Recent results in the theory and applications of {CARMA} processes},
  author={Brockwell, P. J.},
  journal={Ann. Inst. Stat. Math.},
  volume={66},
  number={4},
  pages={647--685},
  year={2014},
  publisher={Springer}
}

@book{BD91,
  title={Time series: theory and methods},
  author={Brockwell, P. and Davis, R.},
  edition={2nd},
  year={1991},
  publisher={Springer, New York}
}
%publisher={Springer Science \& Business Media New York}

@book{BD02,
 author = {Brockwell, P. and Davis, R.},
 title = {Introduction to Time Series and Forecasting},
 year = {2002},
 isbn = {},
 publisher = {Springer, New York, NY},
 address = {},
}

@article{BDY07,
  title={Continuous-time {G}aussian autoregression},
  author={Brockwell, P. J. and Davis, R. and Yang, Y.},
  journal={Statistica Sinica},
  volume={17},
  number={1},
  pages={63},
  year={2007},
  publisher={INST STATISTICAL SCIENCE, ACADEMIA SINICA, TAIPEI,TAIWAN}
}

@article{BRIFG,
        author = "Balakrishnan, S.  and Roy, A. and Ierapetritou, M. G. and Flach, G. P. and  Georgopoulos, P. G.",
	title = "Uncertainty reduction and characterization for complex environmental fate and transport models: an empirical {B}ayesian framework incorporating the stochastic response surface method",
	journal = "Water Resour. Res.",
	volume = "39",
	year = "2003",
	number= "12",
	pages = "1350-1362"
}

@article{BM13,
        author = "Branicki, M.  and Majda, A. J.",
	title = "Fundamental limitations of polynomial chaos for uncertainty quantification in systems with intermittent instabilities",
	journal = "Comm. Math. Sci.",
	volume = "11",
	year = "2013",
	number= "1",
	pages = "55-103"}

@article{BT06,
  author={Bronski, J. C. and Gambill, T. N.},
  title={Uncertainty estimates and {L2} bounds for the {Kuramoto-Sivashinsky} equation},
  journal={Nonlinearity},
  volume={19},
  number={9},
  pages={2023},
  year={2006},
  url={http://stacks.iop.org/0951-7715/19/i=9/a=002},
 }
	

@article{Buc00,
  author={Buckwar, E.},
  title={Introduction to the numerical analysis of stochastic delay differential equations},
  journal={J. Computational Appl. Math.},
  volume={125},
  number={1},
  pages={297--307},
  year={2000},
  publisher={Elsevier}
}

@article{BW06,
  author={Buckwar, E. and Winkler, R.},
  title={Multistep methods for {SDEs} and their application to problems with small noise},
  journal={SIAM J. Num. Anal.},
  volume={44},
  number={2},
  pages={779--803},
  year={2006},
  publisher={SIAM}
}

@article{BW07,
  author={Buckwar, E. and Winkler, R.},
  title={Multi-step {Maruyama} methods for stochastic delay differential equations},
  journal={Stoch. Anal. Appl.},
  volume={25},
  number={5},
  pages={933--959},
  year={2007},
  publisher={Taylor \& Francis}
}


@article{BMP99,
  title={Stochastic representation of model uncertainties in the {ECMWF} ensemble prediction system},
  author={Buizza, R. and Miller, M. and Palmer, T. N.},
  journal={Q. J. R. Meteo. Soc.},
  volume={125},
  number={560},
  pages={2887--2908},
  year={1999},
  publisher={Wiley Online Library}
}

@article{Bur48,
  title={A mathematical model illustrating the theory of turbulence},
  author={Burgers, Johannes M.},
  journal={Advances in applied mechanics},
  volume={1},
  pages={171--199},
  year={1948},
  publisher={Elsevier}
}

@article {BLE98,
    AUTHOR = {Burgers, G. and van Leeuwen, P. J. and Evensen, Geir},
     TITLE = {Analysis scheme in the ensemble {Kalman} filter},
   JOURNAL = {Mon. Wea. Rev.},
    VOLUME = {126},
      YEAR = {1998},
     PAGES = {1719-1724},
}

@article{BB96,
  author={Burrage, K. and Burrage, P. M.},
  title={High strong order explicit {Runge-Kutta} methods for stochastic ordinary differential equations},
  journal={Appl. Numer. Math.},
  volume={22},
  number={1},
  pages={81--101},
  year={1996},
  publisher={Elsevier}
}

@book{BHOZ08,
  title={Stochastic calculus for fractional Brownian motion and applications},
  author={Biagini, Francesca and Hu, Yaozhong and {\O}ksendal, Bernt and Zhang, Tusheng},
  year={2008},
  publisher={Springer Science \& Business Media}
}


@article{GN08_fBmBm,
  title={Stochastic differential equations driven by fractional Brownian motion and standard Brownian motion},
  author={Guerra, Jo{\~a}o and Nualart, David},
  journal={Stochastic analysis and applications},
  volume={26},
  number={5},
  pages={1053--1075},
  year={2008},
  publisher={Taylor \& Francis}
}

@article{baudoin2007operators,
  title={Operators associated with a stochastic differential equation driven by fractional Brownian motions},
  author={Baudoin, Fabrice and Coutin, Laure},
  journal={Stochastic Processes and their Applications},
  volume={117},
  number={5},
  pages={550--574},
  year={2007},
  publisher={Elsevier}
}

@article{HKU10,
  title={Fokker-Planck-Kolmogorov equations associated with time-changed fractional Brownian motion},
  author={Hahn, Marjorie and Kobayashi, Kei and Umarov, Sabir},
  journal={Proceedings of the American mathematical Society},
  volume={139},
  number={2},
  pages={691--705},
  year={2011}
}

********* CCCCCCCC *****************************

@article{Cowles96,
  title={Markov chain Monte Carlo convergence diagnostics: a comparative review},
  author={Cowles, Mary Kathryn and Carlin, Bradley P},
  journal={Journal of the American Statistical Association},
  volume={91},
  number={434},
  pages={883--904},
  year={1996},
  publisher={Taylor \& Francis}
}

@article{CQ00,
  title={Stochastic differential equations for fractional Brownian motions},
  author={Coutin, Laure and Qian, Zhongmin},
  journal={Comptes Rendus de l'Acad{\'e}mie des Sciences-Series I-Mathematics},
  volume={331},
  number={1},
  pages={75--80},
  year={2000},
  publisher={Elsevier}
}


@book{carroll2006measurement,
  title={Measurement error in nonlinear models: a modern perspective},
  author={Carroll, Raymond J and Ruppert, David and Stefanski, Leonard A and Crainiceanu, Ciprian M},
  year={2006},
  publisher={CRC press}
}

@article{cui2015data,
  title={Data-driven model reduction for the Bayesian solution of inverse problems},
  author={Cui, Tiangang and Marzouk, Youssef M and Willcox, Karen E},
  journal={International Journal for Numerical Methods in Engineering},
  volume={102},
  number={5},
  pages={966--990},
  year={2015},
  publisher={Wiley Online Library}
}

@book{CMR05,
 author = {Capp{\'e}, Olivier and Moulines, Eric and Ryden, Tobias},
 title = {Inference in Hidden Markov Models (Springer Series in Statistics)},
 year = {2005},
 isbn = {0387402640},
 publisher = {Springer-Verlag, New York, NY},
 address = {USA},
}

@article{CV10,
  title={Accounting for model error in variational data assimilation: A deterministic formulation},
  author={Carrassi, A. and Vannitsem, S.},
  journal={Mon. Wea. Rev.},
  volume={138},
  number={9},
  pages={3369--3386},
  year={2010}
}

@book{CT01,
  author={Chan, K. and Tong, H.},
  title={Chaos: A Statistical Perspective},
  year={2001},
  publisher={Springer Science \& Business Media, New York, NY}
}

@article{Cha87,
  title={Numerical solution of stochastic differential equations with constant diffusion coefficients},
  author={Chang, C. C.},
  journal={Math. Comput.},
  volume={49},
  number={180},
  pages={523--542},
  year={1987}
}

@article{Chi96,
  title={Calculating posterior distributions and modal estimates in {Markov} mixture models},
  author={Chib, S.},
  journal={J. Econom.},
  volume={75},
  number={1},
  pages={79--97},
  year={1996},
  publisher={Elsevier}
}

@BOOK{ChaosB15,
     author = {Cvitanovi\'{c}, P. and Artuso, R. and Mainieri, R. and Tanner,  G. and Vattay, G.},
     title = {Chaos: Classical and Quantum},
     publisher = {ChaosBook.org},
     edition= {version 15.4},
     address = {},
     year = {2015}
}

@article{CDS10,
  author={Cvitanovic, P. and Davidchack, R. L. and Siminos, E.},
  title={On the state space geometry of the {Kuramoto-Sivashinsky} flow in a periodic domain},
  journal={SIAM J. Appl. Dyn. Syst.},
  volume={9},
  number={1},
  pages={1--33},
  year={2010},
  publisher={SIAM}
}

@article{cappe2011online,
  title={Online EM algorithm for hidden Markov models},
  author={Capp{\'e}, Olivier},
  journal={Journal of Computational and Graphical Statistics},
  volume={20},
  number={3},
  pages={728--749},
  year={2011},
  publisher={Taylor \& Francis}
}

@article{Cap09,
        author = " Capp\'e, O.",
	title = " Online sequential {M}onte {C}arlo {EM} algorithm",
	journal = " in {IEEE} Workshop on Statistical Signal Processing (SSP), Cardiff, Wales, U.K. ",
	volume = " ",
	year = "2009",
	number= " ",
	pages = " "
}

@article{CM08,
  author={Chatterjee, S. and Meckes, E.},
  title={Multivariate normal approximation using exchange-able pairs},
  journal={Alea},
  volume={4},
  pages={257--283},
  year={2008},
}

@article{CKG11,
        author = "Chekroun, M. D. and Kondrashov, D. and Ghil, M.",
	title = "Predicting stochastic systems by noise sampling, and application to the {El Ni\~{n}o-Southern O}scillation",
	journal = "Proc. Natl. Acad. Sci. USA",
	volume = "108",
	no.= "29",
	year = "2011",
	pages = "11766-11771"
}

@article{chekroun2017data,
  title={Data-adaptive harmonic spectra and multilayer Stuart-Landau models},
  author={Chekroun, Micka{\"e}l D and Kondrashov, Dmitri},
  journal={Chaos: An Interdisciplinary Journal of Nonlinear Science},
  volume={27},
  number={9},
  pages={093110},
  year={2017},
  publisher={AIP Publishing}
}

@book{CLW15,
  title={Approximation of stochastic invariant manifolds: stochastic manifolds for nonlinear SPDEs I},
  author={Chekroun, Micka{\"e}l D and Liu, Honghu and Wang, Shouhong},
  year={2015},
  publisher={Springer}
}

@book{CLW14,
  title={Stochastic parameterizing manifolds and non-Markovian reduced equations: stochastic manifolds for nonlinear SPDEs II},
  author={Chekroun, Micka{\"e}l D and Liu, Honghu and Wang, Shouhong},
  year={2014},
  publisher={Springer}
}

@article{Chen10,
        author = "Chen, H. F.",
	title = "New approach to recursive identification for {ARMAX} systems",
	journal = "IEEE Trans. Automat. Contr.",
	volume = "55",
	number= "4",
	year = "2010",
	pages = "868-879"
}

@article{Cho74,
        author = "Chorin, A. J. ",
	title = "Gaussian fields and random flow",
	journal = "J. Fluid Mech.",
        volume = "63",
	year = "1974",
	number= " ",
	pages = "21-32"}
	
@book{Cho94,
 author = {Chorin, A. J.},
 title = {Vorticity and Turbulence},
 year = {1994},
 isbn = {},
 publisher = {Springer, NY},
 address = {},
}
@article{CKK98,
        author = " Chorin, A. J. and Kast, A. P. and Kupferman, R.",
	title = "Optimal prediction of underresolved dynamics",
	journal = "Proc. Natl. Acad. Sci. USA",
	volume = "95",
	year = "1998",
	number= " ",
	pages = "4094-4098"
}

@article{CHK00,
  author={Chorin, A. J. and Hald, O. H. and Kupferman, R.},
  title={Optimal prediction and the {Mori--Zwanzig} representation of irreversible processes},
  journal={Proc. Natl. Acad. Sci. USA},
  volume={97},
  number={7},
  pages={2968--2973},
  year={2000},
  publisher={National Acad. Sciences}
}

@article{CHK02,
        author = "Chorin, A. J. and Hald, O. H. and Kupferman, R.",
	title = "Optimal prediction with memory",
	journal = "Physica D",
	volume = "166",
	year = "2002",
	number= "3",
	pages = "239-257"
}

@article{Cho03,
  title={Averaging and renormalization for the {Korteveg--deVries--Burgers} equation},
  author={Chorin, Alexandre J},
  journal={Proceedings of the National Academy of Sciences},
  volume={100},
  number={17},
  pages={9674--9679},
  year={2003},
  publisher={National Acad Sciences}
}

@article{chorin2003conditional,
  title={Conditional expectations and renormalization},
  author={Chorin, Alexandre J},
  journal={Multiscale Modeling \& Simulation},
  volume={1},
  number={1},
  pages={105--118},
  year={2003},
  publisher={SIAM}
}

@article{CT09,
        author = "Chorin, A. J. and Tu, X.",
	title = "Implicit sampling for particle filters",
	journal = "Proc. Natl. Acad. Sci. USA",
	volume = "106",
	number= "41",
	year = "2009",
	pages = "17249-17254" }
	
@article{CMT10,
        author = "Chorin, A. J. and Morzfeld, M. and Tu, X.",
	title = "Implicit particle filters for data assimilation",
	journal = "Commun. Appl. Math. Comput. Sci.",
	volume = "5",
	year = "2010",
	number= "2",
	pages = "221-240"}

@book{CH13,
        author = "Chorin, A. J. and Hald, O. H.",
	title = "Stochastic Tools in Mathematics and Science",
	edition= "3rd",
	publisher= "Springer, New York, NY",
	year= "2013"}

@article{CH14,
        author = "Chorin, A. J. and Hald, O. H.",
	title = "Estimating the uncertainty in underresolved nonlinear dynamics",
	journal = "Math. Mech. Solids",
	volume = "19",
	year = "2014",
	number= "1",
	pages = "28-38"
}

@article{CL15,
        author = "Chorin, A. J. and Lu, F.",
	title = "Discrete approach to stochastic parametrization and dimension reduction in nonlinear dynamics",
	journal = "Proc. Natl. Acad. Sci. USA",
	volume = "112",
	number= "32",
	year = "2015",
	pages = "9804-9809" }
	
@article{CLMMT16,
        author = {Chorin, A. J. and Lu, F. and Miller, R. M. and Morzfeld, M. and Tu, X.},
	title = {Sampling, feasibility, and priors in data assimilation},
	journal = {Discrete Contin. Dyn. Syst. A},
        volume={36},
        number={8},
        pages={4227--4246},
        year={2016}
}

@article{lin-lu-wiener-paper,
  title={Model reduction, Wiener projection, and the Mori-Zwanzig
  formalism},
  author={Lin, Kevin K and Lu, Fei},
  journal={preprint},
  volume={},
  number={},
  pages={},
  year={2018},
  publisher={}
}
	
	
	
@article{CS15,
        author = "Chronopoulou, A. and Spiliopoulos, K.",
	title = "Sequential {Monte Carlo} with Parameter Learning for {non-Markovian} State-Space Models",
	journal = "arXiv:1508.02651",
	volume = "",
	number= "",
        year = "2015",
	pages = "" }	
	

@article{Cole51,
  title={On a quasi-linear parabolic equation occurring in aerodynamics},
  author={Cole, Julian. D.},
  journal={Quarterly of applied mathematics},
  volume={9},
  number={3},
  pages={225--236},
  year={1951}
}

@book{CFNT88,
        author = "Constantin, P.  and Foias, C.  and Nicolaenko, B.  and Temam, R.",
	title = "Integral Manifolds and Inertial Manifolds for Dissipative Partial Differential Equations",
	series  =  "Applied Mathematics Sciences, No. 70",
	edition= " ",
	publisher= "Springer, Berlin",
	year= "1988"
	}
@book{Constantin06}
  title={Euler equations, Navier-Stokes equations and turbulence},
  author={Constantin, Peter},
  journal={Lecture Notes in Mathematics},
  pages={1--44},
  year={2006},
  vol = {1871}
  publisher={Springer Verlag}
}

@article{CM02,
        author = " Cox, S. M. and Matthews, P. C.",
	title = " Exponential time differencing for stiff systems",
	journal = " J. Comput. Phys.",
	volume = "176",
	number= "2",
        year = "2002",
	pages = "430-455" }
	
@article{CVE08,
        author = "Crommelin, D. and Vanden-Eijnden, E. ",
	title = "Subgrid-scale parameterization with conditional {M}arkov chains",
	journal = "J. Atmos. Sci",
	volume = "65",
	year = "2008",
	number= "8",
	pages = "2661-2675"}

@article{CC70,
        author = "Crow, S. C. and Canavan, G. H. ",
	title = "Relationship between a {W}iener-{H}ermite expansion and an energy cascade",
	journal = "J. Fluid Mech.",
	volume = "41",
	year = "1970",
	number= " ",
	pages = "387-403"}
@article{CS02,
  title={On the mathematical foundations of learning},
  author={Cucker, Felipe and Smale, Steve},
  journal={Bulletin of the American mathematical society},
  volume={39},
  number={1},
  pages={1--49},
  year={2002}
}
@article{smale2005shannon,
  title={Shannon sampling II: Connections to learning theory},
  author={Smale, Steve and Zhou, Ding-Xuan},
  journal={Applied and Computational Harmonic Analysis},
  volume={19},
  number={3},
  pages={285--302},
  year={2005},
  publisher={Elsevier}
}

@article{Smale2009,
title = {{Online Learning With Markov Sampling}},
abstract = {This paper attempts to give an extension of learning theory to a setting where the assumption},
author = {Smale, Steve and Zhou, Ding-Xuan},
doi = {10.1142/S0219530509001293},
file = {:Users/feilu/Documents/proposal/ref/Smale{\_}Zhou07 online Learning with Markov samplng.pdf:pdf},
issn = {0219-5305},
journal = {Analysis and Applications},
keywords = {learning theory,markov sampling,online learning,reproducing kernel},
number = {01},
pages = {87--113},
url = {http://www.worldscientific.com/doi/abs/10.1142/S0219530509001293},
volume = {07},
year = {2009}
}

@article{CS07,
  title={Emergent behavior in flocks},
  author={Cucker, Felipe and Smale, Steve},
  journal={IEEE Transactions on automatic control},
  volume={52},
  number={5},
  pages={852--862},
  year={2007},
  publisher={IEEE}
}


********* DDDDDDDD *****************************
@inproceedings{dai2014scalable,
  title={Scalable kernel methods via doubly stochastic gradients},
  author={Dai, Bo and Xie, Bo and He, Niao and Liang, Yingyu and Raj, Anant and Balcan, Maria-Florina F and Song, Le},
  booktitle={Advances in Neural Information Processing Systems},
  pages={3041--3049},
  year={2014}
}


@article{DK08,
  title={Using singular value decomposition to parameterize state-dependent model errors},
  author={Danforth, C. M. and Kalnay, E.},
  journal={J. Atmos. Sci.},
  volume={65},
  number={4},
  pages={1467--1478},
  year={2008}
}

@article{DSK09,
        author = " Darve, A. and Salomon, J. and Kia, A.",
	title = "Computing generalized {L}angevin equations and generalized {F}okker-{P}lanck equations",
	journal = "Proc. Natl. Acad. Sci. USA",
	volume = "106",
	year = "2009",
	number= " ",
	pages = "10884-10889"
}

@article{DS11,
        author = "Dashti, M. and Stuart, A. M. ",
	title = "Uncertainty quantification and weak approximation of an elliptic inverse problem",
	journal = "SIAM J. Numer. Anal.",
	volume = "49",
	year = "2011",
	number= "6",
	pages = "2524-2542"}
	
@article{DVW00,
  author={Dawson, D. A. and Vaillancourt, J. and Wang, H.},
  title={Stochastic partial differential equations for a class of interacting measure-valued diffusions},
  journal={Ann. Inst. Henri Poincar\'e},
  volume={36},
  number={2},
  pages={167--180},
  year={2000}
}

@article{Dee95,
  title={On-line estimation of error covariance parameters for atmospheric data assimilation},
  author={Dee, D. P.},
  journal={Mon. Wea. Rev.},
  volume={123},
  number={4},
  pages={1128--1145},
  year={1995}
}

@article{DdS98,
  title={Data assimilation in the presence of forecast bias},
  author={Dee, D. P. and Da Silva, A. M.},
  journal={Q. J. R. Meteorol. Soc.},
  volume={124},
  number={545},
  pages={269--295},
  year={1998},
  publisher={Wiley Online Library}
}


@article{DFL13,
  title={Macroscopic limits and phase transition in a system of self-propelled particles},
  author={Degond, Pierre and Frouvelle, Amic and Liu, Jian-Guo},
  journal={Journal of nonlinear science},
  volume={23},
  number={3},
  pages={427--456},
  year={2013},
  publisher={Springer}
}

@book{Del04,
  title={Feynman-Kac Formulae: Genealogical and Interacting Particle Systems with Applications},
  author={Del Moral, P.},
  year={2004},
  series= "Series: Probability and Applications",
  publisher={Springer-Verlag, New York}
}

@article{DDJ12,
  title={On adaptive resampling strategies for sequential Monte Carlo methods},
  author={Del Moral, P. and Doucet, A. and Jasra, A.},
  journal={Bernoulli},
  volume={18},
  number={1},
  pages={252--278},
  year={2012},
  publisher={Bernoulli Society for Mathematical Statistics and Probability}
}

@article{CH16,
        author = "De La Chevrotière, M. and Harlim, J.",
	title = {A data-driven method for improving the correlation estimation in serial ensemble {Kalman} filters},
        journal = {arXiv: 1607.02538v1},
        volume = {},
	year = {2016},
	number= {},
	pages = {}
}

@article{jiang2018parameter,
  title={Parameter estimation with data-driven nonparametric likelihood functions},
  author={Jiang, Shixiao W and Harlim, John},
  journal={arXiv preprint arXiv:1804.03272},
  year={2018}
}	
	
@article{DC05,
        author = "Ding, F. and Chen, T.",
	title = "Identification of {H}ammerstein nonlinear {ARMAX} systems",
	journal = "Automatica",
	volume = "41",
	number= "9",
	year = "2005",
	pages = "1479-1489"
}

@article{DS04,
  title={Inference for observations of integrated diffusion processes},
  author={Ditlevsen, S. and S{\o}rensen, M.},
  journal={Scand. J. Statist.},
  volume={31},
  number={3},
  pages={417--429},
  year={2004},
  publisher={Wiley Online Library}
}

@inproceedings{DCM05,
  title={Comparison of resampling schemes for particle filtering},
  author={Douc, R. and Capp{\'e}, O. and Mousiness, E.},
  booktitle={ISPA 2005. Proceedings of the 4th International Symposium on Image and Signal Processing and Analysis, 2005.},
  pages={64--69},
  year={2005},
  organization={IEEE}
}

@article{DBS06,
  author={Doucet, A. and Briers, M. and S{\'e}n{\'e}cal, S.},
  title={Efficient block sampling strategies for sequential {Monte Carlo} methods},
  journal={J. Comput. Graph. Statist.},
  volume={15},
  number={3},
  year={2006}
}

@inproceedings{DJ11,
  author={Doucet, A. and Johansen, A. M.},
  title={A tutorial on particle filtering and smoothing: fifteen years later},
  booktitle={Oxford Handbook of Nonlinear Filtering},
  year={2011},
  pages ={656-704}
}

@article{DN07,
        author = "Duan, J. and Nadiga, B.",
	title = "Stochastic parameterization for large eddy simulation of geophysical flows",
	journal = "Proc. Amer. Math. Soc.",
	volume = "135",
	number= "4",
	year = "2007",
	pages = "1187-1196"
}

@article{DD09,
        author = "Du, A. and Duan, J.",
	title = "A stochastic approach for parameterizing unresolved scales in a system with memory",
	journal = "J Algorithm Comput Technol.",
	volume = "3",
	number= "3",
	year = "2009",
	pages = "393-405"
}


********* EEEEEEEE *****************************


@article{ER85,
  author={Eckmann, J.-P. and Ruelle, D.},
  title={Ergodic theory of chaos and strange attractors},
  journal={Rev. Mod. Phys.},
  volume={57},
  number={3},
  pages={617},
  year={1985},
  publisher={APS}
}

@book{EM90,
        author = "Evans, D. and Morris, G.",
	title = "Statistical Mechanics of Non-equilibrium Liquids",
	edition= "",
	publisher= "Academic Press, London",
	year= "1990"}

@article{Eve94,
  title={Sequential data assimilation with a nonlinear quasi-geostrophic model using {Monte Carlo} methods to forecast error statistics},
  author={Evensen, G.},
  journal={J. Geophys. Res. Oceans},
  volume={99},
  number={C5},
  pages={10143--10162},
  year={1994},
  publisher={Wiley Online Library}
}

@article{EVL96,
  title={Assimilation of {Geosat altimeter data for the Agulhas} current using the ensemble {Kalman} filter with a quasigeostrophic model},
  author={Evensen, G. and Van Leeuwen, P. J.},
  journal={Mon. Wea. Rev.},
  volume={124},
  number={1},
  pages={85--96},
  year={1996}
}

@article{EvL00,
  title={An ensemble {Kalman} smoother for nonlinear dynamics},
  author={Evensen, G. and Van Leeuwen, P.J.},
  journal={Mon. Wea. Rev.},
  volume={128},
  number={6},
  pages={1852--1867},
  year={2000}
}


@book{Eve07,
    author = "Evensen,G. ",
	title = "Data Assimilation: The Ensemble Kalman Filter",
	edition= "2nd",
	publisher= "Springer, Berlin",
	year= "2007"}


@article{EW17,
  title={Perspective: Dissipative particle dynamics},
  author={Espa{\~n}ol, Pep and Warren, Patrick B},
  journal={The Journal of Chemical Physics},
  volume={146},
  number={15},
  pages={150901},
  year={2017},
  publisher={AIP Publishing}
}

********* FFFFF *****************************

@book{FY03,
 author = {Fan, J. and Yao, Q.},
 title = {Nonlinear Time Series: Nonparametric and Parametric Methods},
 year = {2003},
 isbn = {},
 publisher = {Springer, New York, NY},
 address = {},
}

@article{fan93nonparametric,
  title={Nonparametric regression with errors in variables},
  author={Fan, Jianqing and Truong, Young K},
  journal={The Annals of Statistics},
  pages={1900--1925},
  year={1993},
  publisher={JSTOR}
}

@book{fan1996local,
  title={Local polynomial modelling and its applications: monographs on statistics and applied probability 66},
  author={Fan, Jianqing and Gijbels, Irene},
  volume={66},
  year={1996},
  publisher={CRC Press}
}

@article{fanning1996atmospheric,
  title={An atmospheric energy-moisture balance model: Climatology, interpentadal climate change, and coupling to an ocean general circulation model},
  author={Fanning, Augustus F and Weaver, Andrew J},
  journal={Journal of Geophysical Research: Atmospheres},
  volume={101},
  number={D10},
  pages={15111--15128},
  year={1996},
  publisher={Wiley Online Library}
}
@article{weaver2001uvic,
  title={The UVic Earth System Climate Model: Model description, climatology, and applications to past, present and future climates},
  author={Weaver, Andrew J and Eby, Michael and Wiebe, Edward C and Bitz, Cecilia M and Duffy, Phil B and Ewen, Tracy L and Fanning, Augustus F and Holland, Marika M and MacFadyen, Amy and Matthews, H Damon and others},
  journal={Atmosphere-Ocean},
  volume={39},
  number={4},
  pages={361--428},
  year={2001},
  publisher={Taylor \& Francis}
}


@article{Fang91,
  title={Non-d{\'e}g{\'e}n{\'e}rescence des pseudo-normes de Sobolev sur l'espace de Wiener},
  author={Fang, S.},
  journal={Bulletin des sciences math{\'e}matiques},
  volume={115},
  number={2},
  pages={223--234},
  year={1991},
}
	
@article{FVE04,
        author = "I. Fatkulin and E. Vanden-Eijnden",
	title = "A computational strategy for multi-scale systems with applications to {L}orenz'96 model ",
	journal = "J. Comput. Phys.",
	volume = "200",
	number= "2",
	pages = " 605-638",
	year = "2004",	
	}
	
@article{FNST88,
        author = "Foias, C. and Nicolaenko, B.  and Sell, G. R. and Temam, R. ",
	title = "Inertial manifolds for the {Kuramoto-Sivashinsky} equation and an estimate of their lowest dimension",
	journal = "J. Math. Pure Appl. (not verified)",
	volume = "9",
	number= "",
	pages = "197-226",
	year = "1988",	
	}
	
@article{FMT88,
  author={Foias, C. and Manley, O. and Temam, R.},
  title={Modelling of the interaction of small and large eddies in two dimensional turbulent flows},
  journal={RAIRO-Mod{\'e}lisation math{\'e}matique et analyse num{\'e}rique},
  volume={22},
  number={1},
  pages={93--118},
  year={1988}
}

@article{FOBWL15,
  title={Stochastic climate theory and modeling},
  author={Franzke, C. and O'Kane, T. J. and Berner, J. and Williams, P. D. and Lucarini, V.},
  journal={WIREs Clim. Change},
  volume={6},
  number={1},
  pages={63--78},
  year={2015},
  publisher={Wiley Online Library}
} % doi: 10.1002/wcc.318

@book{FS01,
  title={Understanding molecular simulation: from algorithms to applications},
  author={Frenkel, D. and Smit, B.},
  volume={1},
  year={2001},
  publisher={Academic press}
}


@inproceedings{FLSR13,
  title={Bayesian inference and learning in Gaussian process state-space models with particle MCMC},
  author={Frigola, R. and Lindsten, F. and Sch{\"o}n, T. B. and Rasmussen, C.},
  booktitle={Advances in Neural Information Processing Systems},
  pages={3156--3164},
  year={2013}
}

@article{FS94,
  title={Data augmentation and dynamic linear models},
  author={Fr{\"u}hwirth-Schnatter, S.},
  journal={J. Time Ser. Anal.},
  volume={15},
  number={2},
  pages={183--202},
  year={1994},
  publisher={Wiley Online Library}
}

@article{FB07,
  title={Estimation of high-dimensional prior and posterior covariance matrices in {Kalman} filter variants},
  author={Furrer, R. and Bengtsson, T.},
  journal={J. Multivar. Anal.},
  volume={98},
  number={2},
  pages={227--255},
  year={2007},
  publisher={Elsevier}
}

********* GGGGGGGG *****************************

@book{Gyorfi06,
  title={A distribution-free theory of nonparametric regression},
  author={Gy{\"o}rfi, L{\'a}szl{\'o} and Kohler, Michael and Krzyzak, Adam and Walk, Harro},
  year={2006},
  publisher={Springer Science \& Business Media}
}

@inproceedings{gordon1993novel,
  title={Novel approach to nonlinear/non-Gaussian Bayesian state estimation},
  author={Gordon, Neil J and Salmond, David J and Smith, Adrian FM},
  booktitle={IEE Proceedings F (Radar and Signal Processing)},
  volume={140},
  number={2},
  pages={107--113},
  year={1993},
  organization={IET}
}

@article{gilks2001following,
  title={Following a moving target?Monte Carlo inference for dynamic Bayesian models},
  author={Gilks, Walter R and Berzuini, Carlo},
  journal={Journal of the Royal Statistical Society: Series B (Statistical Methodology)},
  volume={63},
  number={1},
  pages={127--146},
  year={2001},
  publisher={Wiley Online Library}
}

@book{gine2015mathematical,
  title={Mathematical foundations of infinite-dimensional statistical models},
  author={Gin{\'e}, Evarist and Nickl, Richard},
  volume={40},
  year={2015},
  publisher={Cambridge University Press}
}

@article{GC99,
  title={Construction of correlation functions in two and three dimensions},
  author={Gaspari, G. and Cohn, S. E.},
  journal={Q. J. Roy. Meteror. Soc.},
  volume={125},
  number={554},
  pages={723--757},
  year={1999},
  publisher={Wiley Online Library}
}


@article {GH13,
	author = {Gottwald, G. A. and Harlim, J.},
	title = {The role of additive and multiplicative noise in filtering complex dynamical systems},
	volume = {469},
	number = {2155},
	year = {2013},
	doi = {10.1098/rspa.2013.0096},
	publisher = {The Royal Society},
	abstract = {Covariance inflation is an ad hoc treatment that is widely used in practical real-time data assimilation algorithms to mitigate covariance underestimation owing to model errors, nonlinearity, or/and, in the context of ensemble filters, insufficient ensemble size. In this paper, we systematically derive an effective {\textquoteleft}statistical{\textquoteright} inflation for filtering multi-scale dynamical systems with moderate scale gap, , to the case of no scale gap with , in the presence of model errors through reduced dynamics from rigorous stochastic subgrid-scale parametrizations. We will demonstrate that for linear problems, an effective covariance inflation is achieved by a systematically derived additive noise in the forecast model, producing superior filtering skill. For nonlinear problems, we will study an analytically solvable stochastic test model, mimicking turbulent signals in regimes ranging from a turbulent energy transfer range to a dissipative range to a laminar regime. In this context, we will show that multiplicative noise naturally arises in addition to additive noise in a reduced stochastic forecast model. Subsequently, we will show that a {\textquoteleft}statistical{\textquoteright} inflation factor that involves mean correction in addition to covariance inflation is necessary to achieve accurate filtering in the presence of intermittent instability in both the turbulent energy transfer range and the dissipative range.},
	issn = {1364-5021},
	URL = {http://rspa.royalsocietypublishing.org/content/469/2155/20130096},
	eprint = {http://rspa.royalsocietypublishing.org/content/469/2155/20130096.full.pdf},
	journal = {Proceedings of the Royal Society of London A: Mathematical, Physical and Engineering Sciences}
}


@article{GHM10,
  title= {Test models for improving filtering with model errors through stochastic parameter estimation},
  author={Gershgorin, B. and Harlim, J. and Majda, A. J.},
  journal= {J. Comput. Phys.},
  volume={229},
  number={1},
  pages={1--31},
  year={2010},
  publisher={Elsevier}
}


@book{GS03,
        author = "Ghanem, R. and Spanos, P.",
	title = "Stochastic Finite Elements: a Spectral Approach",
	edition= " ",
	publisher= "Dover Publications",
	year= "2003" }

@article{Glo06,
  title={Parameter estimation for a discretely observed integrated diffusion process},
  author={Gloter, A.},
  journal={Scand. J. Statist.},
  volume={33},
  number={1},
  pages={83--104},
  year={2006},
  publisher={Wiley Online Library}
}

@article{GW10,
        author = "Goodman, J. and Weare, J.",
	title = "Ensemble samples with affine invariance",
	journal = "Comm. App. Math. Comp. Sci.",
	volume = "5",
	year = "2010",
	number= "1",
	pages = "65-80"}

@article{Goo94,
  author={Goodman, J.},
  title={Stability of the {Kuramoto-Sivashinsky} and related systems},
  journal={Comm. Pure Appl. Math.},
  volume={47},
  number={3},
  pages={293--306},
  year={1994},
  publisher={Wiley Online Library}
}

@article{GPK15,
  author={Gotoda, H. and Pradas, M. and Kalliadasis, S.},
  title={Nonlinear Forecasting of the Generalized {Kuramoto--Sivashinsky} Equation},
  journal={Int. J. Bifurcat. Chaos},
  volume={25},
  number={05},
  pages={1530015},
  year={2015},
  publisher={World Scientific}
}

@book{GO77,
        author = "Gottlieb, D. and Orszag, S.",
	title = "Numerical Analysis of Spectral Methods: Theory and Applications",
	edition= " ",
	publisher= "SIAM, Philadelphia",
	year= "1977" }
	
@incollection{GCF15,
  title={Stochastic climate theory},
  author={Gottwald, G. A. and Crommelin, D.  and Franzke, C.},
  booktitle={Nonlinear and Stochastic Climate Dynamics},
  pages={},
  year={2015},
  publisher={Cambridge University Press}
}
	
	
@book{Gray06,
  title={Toeplitz and circulant matrices: {A} review},
  author={Gray, Robert M},
  year={2006},
  publisher={now publishers inc}
}
	
	
	@article{GW97,
  title={Dissipative particle dynamics: Bridging the gap between atomistic and mesoscopic simulation},
  author={Groot, Robert D and Warren, Patrick B},
  journal={The Journal of chemical physics},
  volume={107},
  number={11},
  pages={4423--4435},
  year={1997},
  publisher={AIP}
}
	
@article{GT96,
  author={Grorud, A. and Talay, D.},
  title={Approximation of {L}yapunov exponents of nonlinear stochastic differential equations},
  journal={SIAM J. Appl. Math.},
  volume={56},
  number={2},
  pages={627--650},
  year={1996},
  publisher={SIAM}
}

@article{Guo99,
        author = "Guo, B.",
	title = "Error estimation of {H}ermite spectral method for nonlinear partial differential equations",
	journal = "Math. Comp.",
	volume = "68",
	year = "1999",
	number= "227",
	pages = "1067-1078"}


********* HHHHHHHH *****************************

@article{hastings1970,
  title={Monte Carlo sampling methods using Markov chains and their applications},
  author={Hastings, W Keith},
  journal={Biometrika},
  volume={57},
  number={1},
  pages={97--109},
  year={1970},
  publisher={Biometrika Trust}
}

@article{HLL09,
  title={Emergence of time-asymptotic flocking in a stochastic {Cucker-Smale} system},
  author={Ha, Seung-Yeal and Lee, Kiseop and Levy, Doron},
  journal={Communications in Mathematical Sciences},
  volume={7},
  number={2},
  pages={453--469},
  year={2009},
  publisher={International Press of Boston}
}


@inproceedings{HCL06,
  title={Dimensionality reduction by learning an invariant mapping},
  author={Hadsell, R. and Chopra, S. and LeCun, Y.},
  booktitle={Computer vision and pattern recognition, 2006 IEEE computer society conference on},
  volume={2},
  pages={1735--1742},
  year={2006},
  organization={IEEE}
}

@book{HNW87,
        author = "Hairer, E.  and Wanner, G.",
	title = "Solving Ordinary Differential Equations II: Stiff and Differential-Algebraic Problems",
	series= "Series in Computational Mathematics",
	publisher= "Springer",
	year= "1987" }


@article{Hai68,
  title={Missing data in regression analysis},
  author={Haitovsky, Yoel},
  journal={Journal of the Royal Statistical Society. Series B (Methodological)},
  pages={67--82},
  year={1968},
  publisher={JSTOR}
}


@book{HD12,
        author = "Hannan, E. J. and Deistler, M.",
	title = "The Statistical Theory of Linear Systems",
	series= "Classics in Applied Mathematics",
	publisher= "SIAM",
	year= "2012" }


@article{Ham01,
        author = "Hamill, T. M.",
	title = "Interpretation of rank histograms for verifying ensemble forecasts",
	journal = "Mon. Wea. Rev.",
	volume = "129",
	number= "3",
	year = "2001",
	pages = "550-560 "
}

@article{HWS01,
  title={Distance-dependent filtering of background error covariance estimates in an ensemble {Kalman} filter},
  author={Hamill, T. M. and Whitaker, J. S. and Snyder, C.},
  journal={Mon. Wea. Rev.},
  volume={129},
  number={11},
  pages={2776--2790},
  year={2001}
}

@article{HW05,
  title={Accounting for the error due to unresolved scales in ensemble data assimilation: A comparison of different approaches},
  author={Hamill, T. M. and Whitaker, J. S.},
  journal={Mon. Wea. Rev.},
  volume={133},
  number={11},
  pages={3132--3147},
  year={2005}
}

@incollection{Har16,
  author      = "Harlim, J.",
  title       = "Model error in data assimilation",
  editor      = "Franzke, C.L.E. and O'Kane, T.J.",
  booktitle   = "Nonlinear and Stochastic Climate Dynamics",
  publisher   = "Cambridge University Press",
  address     = "Oxford",
  year        = 2016,
  pages       = "in press",
  chapter     = "",
}

@article{harlim2017parameter,
  title={A Parameter Estimation Method Using Linear Response Statistics},
  author={Harlim, John and Li, Xiantao and Zhang, He},
  journal={Journal of Statistical Physics},
  pages={1--25},
    year = {2016},
  publisher={Springer}
}

@book{Ham94,
        author = "Hamilton, J. D. ",
	title = "Time Series Analysis",
	edition= " ",
	publisher= "Princeton University Press, Princeton, NJ",
	year= "1994"}

@article{Han76,
        author = "Hannan, E. J.",
	title = "The identification and parameterization of {ARMAX} and state space forms",
	journal = "Econometrica",
	volume = "44",
	no.= "4",
	year = "1976",
	pages = "713-723"
}

@article{Han02,
  title={Accounting for model error in ensemble-based state estimation and forecasting},
  author={Hansen, J. A.},
  journal={Mon. Wea. Rev.},
  volume={130},
  number={10},
  pages={2373--2391},
  year={2002}
}


@article{HP06,
        author = "Hansen, J. and Penland, C.",
	title = "Efficient approximate technique for integrating stochastic differential equations",
	journal = "Mon. Wea. Rev.",
	volume = "134",
	year = "2006",
	number= "",
	pages = "3006-3014"}
	
@article{Hig01,
  title={An algorithmic introduction to numerical simulation of stochastic differential equations},
  author={Higham, D. J.},
  journal={SIAM review},
  volume={43},
  number={3},
  pages={525--546},
  year={2001},
  publisher={SIAM}
}	
	

@article{Hig08,
  title={Modeling and simulating chemical reactions},
  author={Higham, D. J.},
  journal={SIAM review},
  volume={50},
  number={2},
  pages={347--368},
  year={2008},
  publisher={SIAM}
}

@article{HSS08,
  title={Kernel methods in machine learning},
  author={Hofmann, T. and Sch{\"o}lkopf, B. and Smola, A.~J.~},
  journal={The annals of statistics},
  pages={1171--1220},
  year={2008},
  publisher={JSTOR}
}
  % author={Hofmann, Thomas and Sch{\"o}lkopf, Bernhard and Smola, Alexander J},

	
@article{Hopf50,
  title={The partial differential equation $u_t + u u_x= \mu u_{xx}$},
  author={Hopf, Eberhard},
  journal={Communications on Pure and Applied mathematics},
  volume={3},
  number={3},
  pages={201--230},
  year={1950},
  publisher={Wiley Online Library}
}
	
@article{HLRZ06,
        author = "Hou, T. and Luo, W.  and Rozovskii, B. and Zhou, H. M.",
	title = "Wiener chaos expansions and numerical solutions of randomly forced equations of fluid mechanics",
	journal = "J. Comput. Phys.",
	volume = "217",
	year = "2006",
	number= " ",
	pages = "687-706"}
	

@article{HLBMW97,
  title={Low-dimensional models of coherent structures in turbulence},
  author={Holmes, P. J. and Lumley, J. L. and Berkooz, G. and Mattingly, J. C. and Wittenberg, R. W.},
  journal={Physics Reports},
  volume={287},
  number={4},
  pages={337--384},
  year={1997},
}

@article{holmstrom2015bayesian,
  title={A Bayesian spatiotemporal model for reconstructing climate from multiple pollen records},
  author={Holmstr{\"o}m, Lasse and Ilvonen, Liisa and Sepp{\"a}, Heikki and Veski, Siim and others},
  journal={The Annals of Applied Statistics},
  volume={9},
  number={3},
  pages={1194--1225},
  year={2015},
  publisher={Institute of Mathematical Statistics}
}

@article{HM98,
  title={Data assimilation using an ensemble {Kalman} filter technique},
  author={Houtekamer, P. L. and Mitchell, H. L.},
  journal={Monthly Weather Review},
  volume={126},
  number={3},
  pages={796--811},
  year={1998}
}


@article{HMD09,
  title={Model error representation in an operational ensemble {Kalman} filter},
  author={Houtekamer, P. L. and Mitchell, H. L. and Deng, X.},
  journal={Mon. Wea. Rev.},
  volume={137},
  number={7},
  pages={2126--2143},
  year={2009}
}

@incollection{Hu96,
  title={Strong and weak order of time discretization schemes of stochastic differential equations},
  author={Hu, Y.},
  booktitle={S{\'e}minaire de Probabilit{\'e}s XXX},
  pages={218--227},
  year={1996},
  publisher={Springer}
}

@article{HLN12,
  author={Hu, Y. and Lu, F. and Nualart, D.},
  title={{Feynman--Kac} formula for the heat equation driven by fractional noise with {H}urst parameter $H< 1/2$},
  journal={Ann. Probab.},
  volume={40},
  number={3},
  pages={1041--1068},
  year={2012},
}

@article{HLN13,
  author={Hu, Y. and Lu, F. and Nualart, D.},
  title={H{\"o}lder continuity of the solutions for a class of nonlinear {SPDE's} arising from one dimensional superprocesses},
  journal={Probab. Theory Relat. Fields},
  volume={156},
  number={1-2},
  pages={27--49},
  year={2013},
}
@article{HLN13nondeg,
  author={Hu, Y. and Lu, F. and Nualart, D.},
  title={Non-degeneracy of some {S}obolev pseudo-norms of fractional {B}rownian motion},
  journal={Electron. Commun. Probab.},
  volume={18},
  number={84},
  pages={1-8},
  year={2013},
 }
@article{HLN14,
  author={Hu, Y. and Lu, F. and Nualart, D.},
  title={Convergence of densities of some functionals of Gaussian processes},
  journal={J. Funct. Anal.},
  volume={266},
  number={2},
  pages={814--875},
  year={2014},
}

@article{HNS11,
  author={Hu, Y. and Nualart, D. and Song, J.},
  title={{Feynman--Kac} formula for heat equation driven by fractional white noise},
  journal={Ann. Probab.},
  volume={39},
  number={1},
  pages={291--326},
  year={2011},
}

@article{HMY04,
  author={Hu, Y. and Mohammed, S.E.A and Yan, F.},
  title={Discrete-time approximations of stochastic delay equations: the {Milstein} scheme},
  journal={Ann.  Probab.},
  volume={32},
  number={1A},
  pages={265--314},
  year={2004},
  publisher={Institute of Mathematical Statistics}
}

@article{Hum05,
  author={Hummer, G.},
  title={Position-dependent diffusion coefficients and free energies from {Bayesian} analysis of equilibrium and replica molecular dynamics simulations},
  journal={New J. Phys.},
  volume={7},
  number={1},
  pages={34},
  year={2005},
  publisher={IOP Publishing}
}

@article{HN86,
  author={Hyman, J. M. and Nicolaenko, B.},
  title={The {Kuramoto-Sivashinsky} equation: a bridge between {PDE's} and dynamical systems},
  journal={Physica D},
  volume={18},
  number={1},
  pages={113--126},
  year={1986},
}
********* IIIIIIII *****************************


@book{Iac09,
  title={Simulation and inference for stochastic differential equations: with {R} examples},
  author={Iacus, S. M.},
  volume={1},
  year={2009},
  publisher={Springer Science \& Business Media}
}


********* JJJJJJJJ *****************************
@article{jentzen2010taylor,
  title={Taylor expansions of solutions of stochastic partial differential equations with additive noise},
  author={Jentzen, Arnulf and Kloeden, Peter and others},
  journal={The Annals of Probability},
  volume={38},
  number={2},
  pages={532--569},
  year={2010},
  publisher={Institute of Mathematical Statistics}
}

@article{JW16,
  title={Mean field limit and propagation of chaos for {Vlasov} systems with bounded forces},
  author={Jabin, Pierre-Emmanuel and Wang, Zhenfu},
  journal={Journal of functional analysis},
  volume={271},
  number={12},
  pages={3588--3627},
  year={2016},
  publisher={Elsevier}
}

@incollection{JW17,
  title={Mean Field Limit for Stochastic Particle Systems},
  author={Jabin, Pierre-Emmanuel and Wang, Zhenfu},
  booktitle={Active Particles, Volume 1},
  pages={379--402},
  year={2017},
  publisher={Springer}
}


@article{JNZ10,
  author={Jardak, M. and Navon, I. M. and Zupanski, M.},
  title={Comparison of sequential data assimilation methods for the {Kuramoto--Sivashinsky}equation},
  journal={Int. J. Numer. Meth. Fluids},
  volume={62},
  number={4},
  pages={374--402},
  year={2010},
  publisher={Wiley Online Library}
}

@phdthesis{Jen14,
  title={Statistical Inference for Partially Observed Diffusion Processes},
  author={Jensen, A. C.},
  year={2014},
  school={University of Copenhagen, Faculty of Science, Department of Mathematical Sciences}
}

@article{JKT90,
        author = "Jolly, M. S. and  Kevrekidis, I. G. and Titi, E. S.",
	title = "Approximate inertial manifolds for the {K}uramoto-{S}ivashinsky equation: analysis and computations",
	journal = "Physica D",
	volume = "44",
	number= "1",
	year = "1990",
	pages = "38-60"}
	
@article{JKT91,
        author = "Jolly, M. S. and  Kevrekidis, I. G. and Titi, E. S.",
	title = "Preserving dissipation in approximate inertial forms for the {Kuramoto-Sivashinsky} equation",
	journal = "J. Dynam. Differential Equations",
	volume = "3",
	number= "2",
	year = "1991",
	pages = "179-197"}
	
@article{JRT00,
    author={Jolly, M. S. and Rosa, R. and Temam, R. },
    title={Evaluating the dimension of an inertial manifold for the {Kuramoto-Sivashinsky} equation},
    journal={Adv. Differential Equ.},
    volume={5},
    number={1-3},
    pages={31--66},
   year={2000},
}	

@incollection{Jon81,
    author={Jones, R. H.},
    title={Jones Fitting a continuous time autoregressive to discrete data},
    booktitle={Applied Time Series Analysis II},
    editor    ={Findley, D. F. },
    pages={651--682},
    year={1981},
    publisher={Academic Press, New York},
}

@incollection{incollection,
  author       = {Peter Farindon},
  title        = {The title of the work},
  booktitle    = {The title of the book},
  publisher    = {The name of the publisher},
  year         = 1993,
  editor       = {The editor},
  volume       = 4,
  series       = 5,
  chapter      = 8,
  pages        = {201-213},
  address      = {The address of the publisher},
  edition      = 3,
  month        = 7,
  note         = {An optional note}
}	
	
	
	
********* KKKKKKKK *****************************
@article{Kac49,
  author={Kac, M.},
  title={On distributions of certain {W}iener functionals},
  journal={T. Am. Math. Soc.},
  volume={65},
  number={1},
  pages={1--13},
  year={1949}
}


@incollection{KS98,
  title={Brownian motion},
  author={Karatzas, Ioannis and Shreve, Steven E},
  booktitle={Brownian Motion and Stochastic Calculus},
  edition = {Second},
  year={1998},
  publisher={Springer}
}


@book{KS05,
        author = "Kaipio, J. and Somersalo, E.",
	title = "Statistical and Computational Inverse Problems",
	edition= " ",
	publisher= "Springer",
	year= "2005"}

@article{Kam98,
  title={Remarks on non-Markov processes},
  author={Van Kampen, NG},
  journal={Brazilian Journal of Physics},
  volume={28},
  number={2},
  pages={90--96},
  year={1998},
  publisher={SciELO Brasil}
}


@article{KM15,
  author={Kalbasi, K. and Mountford, T. S.},
  title={{Feynman--Kac} representation for the parabolic {Anderson} model driven by fractional noise},
  journal={J. Funct. Anal.},
  volume={269},
  number={5},
  pages={1234--1263},
  year={2015},
  publisher={Elsevier}
}

@article{KDSM09,
    author = {Kantas, N. and Doucet, A. and Singh, S. S. and Maciejowski, J. M.},
    title = {An Overview of Sequential Monte Carlo Methods for Parameter Estimation in General State-Space Models},
    journal = " in Proceedings of the IFAC Symposium on System Identification (SYSID), Saint-Malo, France ",
    volume ="",
    number = "",
    year = {2009}
}

@book{Kal03,
        author = "Kalnay, E.",
	title = "Atmospheric Modeling, Data Assimilation, and Predictability" ,
	publisher= "Cambridge University Press, Cambridge",
	year= "2003"
}

@ARTICLE{KT05,
     author = {Kassam, A. K. and L. N. Trefethen},
     title = {Fourth-order time stepping for stiff {PDE}s},
     journal = {SIAM J. Sci. Comput.},
     volume = {26},
     number = {4},
     pages = {1214-1233},
     year = {2005} }

@article{KLS14,
  title={Well-posedness and accuracy of the ensemble {Kalman} filter in discrete and continuous time},
  author={Kelly, DTB and Law, KJH and Stuart, A.M.},
  journal={Nonlinearity},
  volume={27},
  number={10},
  pages={2579},
  year={2014},
  publisher={IOP Publishing}
}

 @article{Kes00,
  title={Simple and explicit estimating functions for a discretely observed diffusion process},
  author={Kessler, M.},
  journal={Scandinavian Journal of Statistics},
  volume={27},
  number={1},
  pages={65--82},
  year={2000},
}

@article{KAHN08,
  title={An investigation into the application of an ensemble Kalman smoother to high-dimensional geophysical systems},
  author={Khare, S.P. and Anderson, J.L. and Hoar, T.J. and Nychka, D.},
  journal={Tellus A},
  volume={60},
  number={1},
  pages={97--112},
  year={2008},
  publisher={Wiley Online Library}
}


@book{KP99,
        author = "Kloeden, P. E. and Platen, E. ",
	title = "Numerical Solution of Stochastic Differential Equations" ,
	edition= "3rd",
	publisher= "Springer, Berlin",
	year= "1999"
}

@article{KCG15,
        author = "Kondrashov, D. and Chekroun, M. D. and Ghil, M.",
	title = "Data-driven non-{M}arkovian closure models",
	journal = "Physica D",
	volume = "297",
	no.= "",
	year = "2015",
	pages = "33-55"
}


@article{KMK03,
  title={Coarse-grained stochastic models for tropical convection and climate},
  author={Khouider, B. and Majda, A. J and Katsoulakis, M. A},
  journal={Proc. Natl. Acad. Sci. U.S.A.},
  volume={100},
  number={21},
  pages={11941--11946},
  year={2003},
  publisher={National Acad Sciences}
}

@article{Kra40,
  title={Brownian motion in a field of force and the diffusion model of chemical reactions},
  author={Kramers, H. A.},
  journal={Physica},
  volume={7},
  number={4},
  pages={284--304},
  year={1940},
  publisher={Elsevier}
}

@article{Kwa12,
        author = "Kwasniok, F.",
	title = "Data-based stochastic subgrid-scale parametrization: an approach using cluster-weighted modeling",
	journal = "Phil. Trans. R. Soc. A",
	volume = "370",
	year = "2012",
	number= " ",
	pages = "1061-1086"
}



@book{Kut04,
  title={Statistical inference for ergodic diffusion processes},
  author={Kutoyants, Yury A.},
  year={2004},
  publisher={Springer}
}

********* LLLLL *****************************

@article{lindgren11,
  title={An explicit link between Gaussian fields and Gaussian Markov random fields: the stochastic partial differential equation approach},
  author={Lindgren, Finn and Rue, H{\aa}vard and Lindstr{\"o}m, Johan},
  journal={Journal of the Royal Statistical Society: Series B (Statistical Methodology)},
  volume={73},
  number={4},
  pages={423--498},
  year={2011},
  publisher={Wiley Online Library}
}

@article{LSS14,
  title={{Analysis of the 3DVAR filter for the partially observed Lorenz'63 model}},
  author={Law, K. and Stuart, A. M. and Shukla, A.},
  journal={Discrete Contin. Dyn. Syst.},
  volume={34},
  number={3},
  pages={1061--1078},
  year={2014},
  publisher={American Institute of Mathematical Sciences}
}

@book{LSZ15,
  title={Data Assimilation: A Mathematical Introduction},
  author={Law, Kody and Stuart, Andrew and Zygalakis, Kostas},
  publisher={Springer},
  year = {2015}
}

@article{le2013convergence,
  title={Convergence of a particle-based approximation of the Block Online Expectation Maximization algorithm},
  author={Le Corff, Sylvain and Fort, Gersende},
  journal={ACM Transactions on Modeling and Computer Simulation (TOMACS)},
  volume={23},
  number={1},
  pages={2},
  year={2013},
  publisher={ACM}
}

@techreport{LMT09,
  TITLE = {{Large sample asymptotics for the ensemble Kalman filter}},
  AUTHOR = {Le Gland, F. and Monbet, V. and Tran, V.},
  URL = {https://hal.inria.fr/inria-00409060},
  TYPE = {Research Report},
  NUMBER = {RR-7014},
  PAGES = {25},
  INSTITUTION = {{INRIA}},
  YEAR = {2009}
}


@article{LBS10,
  title={{Comparison of ensemble Kalman filters under non-Gaussianity}},
  author={Lei, J. and Bickel, P. and Snyder, C.},
  journal={Mon. Wea. Rev.},
  volume={138},
  number={4},
  pages={1293--1306},
  year={2010}
}


@book{LK10,
        author = "LeMa\^{\i}tre, O. P. and Knio, O. M.",
	title = "Spectral Methods for Uncertainty Quantification: with Applications to Computational Fluid Dynamics",
	edition= " ",
	publisher= "Springer",
	year= "2010"}

@article{LNBBG08,
  title={Using model reduction methods within incremental four-dimensional variational data assimilation},
  author={Lawless, A. S. and Nichols, N. K. and Boess, C. and Bunse-Gerstner, A.},
  journal={Mon. Wea. Rev.},
  volume={136},
  number={4},
  pages={1511--1522},
  year={2008}
}

@article{LKMD09,
  title={Accounting for model errors in ensemble data assimilation},
  author={Li, H. and Kalnay, E. and Miyoshi, T. and Danforth, C. M.},
  journal={Mon. Wea. Rev.},
  volume={137},
  number={10},
  pages={3407--3419},
  year={2009}
}


@article{LS01,
  author={Li, Wenbo V and Shao, Q-M},
  title={Gaussian processes: inequalities, small ball probabilities and applications},
  journal={Handbook of Statistics},
  volume={19},
  pages={533--597},
  year={2001},
}

@article{LX09,
  author={Li, J. and Xiu, D.},
  title={A generalized polynomial chaos based ensemble {Kalman} filter with high accuracy},
  journal={J. Comput. Phys.},
  volume={228},
  number={15},
  pages={5454--5469},
  year={2009},
}

@article{LWXZ12,
  title={Joint continuity of the solutions to a class of nonlinear SPDEs},
  author={Li, Z. and Wang, H. and Xiong, J. and Zhou, X.},
  journal={Probab. Theory Relat. Fields},
  volume={153},
  number={3-4},
  pages={441--469},
  year={2012},
}


@article{li2017computing,
  title={Computing the non-Markovian coarse-grained interactions derived from the Mori--Zwanzig formalism in molecular systems: Application to polymer melts},
  author={Li, Zhen and Lee, Hee Sun and Darve, Eric and Karniadakis, George Em},
  journal={The Journal of chemical physics},
  volume={146},
  number={1},
  pages={014104},
  year={2017},
  publisher={AIP Publishing}
}

@article{LCL13,
  author={Lin, M and Chen, R and Liu, J.S.},
  title={Lookahead strategies for sequential {Monte Carlo}},
  journal={Stat. Sci.},
  volume={28},
  number={1},
  pages={69--94},
  year={2013},
  publisher={Institute of Mathematical Statistics}
}

@inproceedings{LJS12,
  author={Lindsten, F. and Sch{\"o}n, T. and Jordan, M. I.},
  title={Ancestor sampling for particle {Gibbs}},
  booktitle={Adv. Neural Inf. Process. Syst.},
  pages={2591--2599},
  year={2012}
}

@article{LJS14,
  title={Particle {Gibbs} with ancestor sampling.},
  author={Lindsten, F. and Jordan, M. I. and Sch{\"o}n, T. B.},
  journal={J. Mach. Learn. Res.},
  volume={15},
  number={1},
  pages={2145--2184},
  year={2014}
}

@book{LR14,
  title={Statistical analysis with missing data},
  author={Little, Roderick JA and Rubin, Donald B},
  year={2014},
  publisher={John Wiley \& Sons}
}

@book{Liu01,
        author = "Liu, J.",
	title = "Monte Carlo Strategies in Scientific Computing",
	edition= " ",
	publisher= "Springer",
	year= "2001"}


@article{LLZC15,
  title={Dissipative particle dynamics {(DPD)}: an overview and recent developments},
  author={Liu, MB and Liu, GR and Zhou, LW and Chang, JZ},
  journal={Archives of Computational Methods in Engineering},
  volume={22},
  number={4},
  pages={529--556},
  year={2015},
  publisher={Springer}
}

@book{Loe78,
        author = "Lo\`{e}ve, M.",
	title = "Probability theory. Vol. {II}, Graduate Texts in Mathematics",
	edition= "4th",
	publisher= "Springer-Verlag",
	year= "1978" }

@article{Lor96,
        author = "Lorenz, E. N.",
	title = "Predictability: {A} problem partly solved",
	journal = "Proc. ECMWF Seminar on predictability",
	volume = "1",
	number= "",
	year = "1996",	
	publisher="ECMWF, Shinfield Park, Reading, Berkshire,UK",
	pages = "1-18, ECMWF, Shinfield Park, Reading, Berkshire,UK"
}


@article{Lu14,
  author={Lu, F. and Chorin, A. J.},
  title={Parameter estimation for a partially observed {Ornstein--Uhlenbeck} process with degenerate noise},
  journal={unpublished},
  volume={},
  number= "",
  pages={},
  year={2014},
}

@article{LMTC15,
  author={Lu, F. and Morzfeld, M. and Tu, X. and Chorin, A. J.},
  title={Limitations of polynomial chaos expansions in the {B}ayesian solution of inverse problems},
  journal={J. Comput. Phys.},
  volume={282},
  number={},
  pages={138--147},
  year={2015},
}

@article{LMT16,
  author={Lu, F. and Ma, W. and Tu, X.},
  title={Particle filter for hidden {non-Markovian} models},
  journal={In preparation},
  volume={},
  pages={},
  year={2016},
}


@article{LLC17,
  author={Lu, F. and Lin, K. K. and Chorin, A. J.},
  title={Data-based stochastic model reduction for the {Kuramoto--Sivashinsky} equation},
  journal={Physica D},
  volume={340},
  pages={46--57},
  year={2017},
}

@article{LLC16,
  author={Lu, F. and Lin, K. K. and Chorin, A. J.},
  title={Comparison of continuous and discrete-time data-based modeling for hypoelliptic systems},
  journal={Comm. App. Math. Com. Sc.},
  volume={11},
  number= {2},
  pages={187--216},
  year={2016},
}


@article{LTC17,
  author={Lu, F. and Tu, X. and Chorin, A. J.},
  title={Accounting for Model Error from Unresolved Scales in Ensemble Kalman Filters by Stochastic Parameterization},
  journal={Mon. Wea. Rev.},
  volume={145},
  number={9},
  pages={3709-3723},
  year={2017},
}

@article{LWM19,
  title={Joint state-parameter estimation of a nonlinear SPDE model from sparse noisy data},
  author={Lu, Fei and Weitzel, Nils and Monahan, Adam},
  journal={preprint},
  volume={},
  number={},
  pages={},
  year={2019},
  publisher={}
}


@article{Lin15,
  author={Lin, K. K.},
  title={Numerical analysis of rare events in stochastic delay systems},
  journal={personal communication},
  volume={},
  pages={},
  year={2015},
}

@article{Lin17,
  author={Lin, K. K.},
  title={{Mori-Zwanzig and Wiener projections for discrete-time model reduction}},
  journal={In preparation},
  volume={},
  pages={},
  year={2017},
}



@article{LY08,
  author={Lin, K. K. and Young, L.S.},
  title={Shear-induced chaos},
  journal={Nonlinearity},
  volume={21},
  number={5},
  pages={899},
  year={2008},
  publisher={IOP Publishing}
}


@article{luo2012quantifying,
  title={Quantifying non-Markovianity via correlations},
  author={Luo, Shunlong and Fu, Shuangshuang and Song, Hongting},
  journal={Physical Review A},
  volume={86},
  number={4},
  pages={044101},
  year={2012},
  publisher={APS}
}
********* MMM *****************************
@book{Mal78,
        author = "Malliavin, P.",
	title = "$C^{k}$-hypoellipticity with degeneracy II. Stochastic analysis" ,
	edition= "Proc. Internat. Conf., Northwestern Univ.,
Evanston, Ill., pp. 199--214 and 327--340,",
	publisher= "Academic Press, New York-London",
	year= "1978"
}

@article{MCB11,
  title={On the convergence of the ensemble {Kalman} filter},
  author={Mandel, J. and Cobb, L. and Beezley, J. D.},
  journal={Applications of Mathematics},
  volume={56},
  number={6},
  pages={533--541},
  year={2011},
  publisher={Springer}
}

@article{MT89,
  title={Nonlinear {Galerkin} methods},
  author={Marion, Martine and Temam, Roger},
  journal={SIAM Journal on Numerical Analysis},
  volume={26},
  number={5},
  pages={1139--1157},
  year={1989},
  publisher={SIAM}
}

@article{MT90,
  title={Nonlinear {Galerkin} methods: the finite elements case},
  author={Marion, Martine and Temam, R},
  journal={Numerische Mathematik},
  volume={57},
  number={1},
  pages={205--226},
  year={1990},
  publisher={Springer}
}

@article{MY02,
  author={N. Masmoudi and L. S. Young},
  title={Ergodic Theory of Infinite Dimensional Systems with Applications to Dissipative Parabolic PDEs},
  journal={Commun. Math. Phys.},
  volume={227},
  number={3},
  pages={461-481},
  year={2002},
}


@article{MSH02,
    author = {J. C. Mattingly and A. M. Stuart and D. J. Higham},
    title = {Ergodicity for {SDEs} and approximations: locally {L}ipschitz vector fields and degenerate noise},
    volume = "101",
    journal = {Stochastic Process. Appl.},
    year = {2002},
    pages = {185-232},
}

@article{MST10,
  author={Mattingly, J. C. and Stuart, A. M. and Tretyakov, M. V.},
  title={Convergence of numerical time-averaging and stationary measures via {Poisson} equations},
  journal={SIAM J. Numer. Anal.},
  volume={48},
  number={2},
  pages={552--577},
  year={2010},
  publisher={SIAM}
}


@article{MTVE01,
        author = "Majda, A. J. and Timofeyev, I. and Vanden-Eijnden, E.",
	title = "A Mathematical Framework for Stochastic Climate Models",
	journal = "Comm. Pure Appl. Math.",
	volume = "54",
	number= " ",
	year = "2001",	
	pages = "891-974"
}

@article{MK02,
        author = "Majda, A. J. and Khouider, B.",
	title = "Stochastic and mesoscopic models for tropical convection",
	journal = "Proc. Natl. Acad. Sci. USA",
	volume = "99",
	year = "2002",
	number= "",
	pages = "1123-1128"}

@article{MH13,
        author = "Majda, A. J. and Harlim, J.",
	title = "Physics constrained nonlinear regression models for time series",
	journal = "Nonlinearity",
	volume = "26",
	year = "2013",
	number= "1",
	pages = "201-217"}



@article{MNR07,
        author = "Marzouk, Y. M. and Najm, H. N. and Rahn, L. A. ",
	title = "Stochastic spectral methods for efficient {B}ayesian solution of inverse problems",
	journal = "J. Comput. Phys.",
	volume = "224",
	year = "2007",
	number= "2",
	pages = "560-586" }

@article{MN09,
        author = "Marzouk, Y. M. and Najm, H. N.",
	title = "Dimensionality reduction and polynomial chaos acceleration of {B}ayesian inference in inverse problems",
	journal = "J. Comput. Phys.",
	volume = "228",
	year = "2009",
	number= "6",
	pages = "1862-1902" }

@article{MX09,
        author = "Marzouk, Y. M. and Xiu, D. B.",
	title = "A stochastic collocation approach to {B}ayesian inference in inverse problems",
	journal = "Commun. Comput. Phys.",
	volume = "6",
	year = "2009",
	number= " ",
	pages = "826-847" }
	
@article{MZ07,
  title={Tests of an ensemble {Kalman} filter for mesoscale and regional-scale data assimilation. {Part II:} Imperfect model experiments},
  author={Meng, Z. and Zhang, F.},
  journal={Mon. Wea. Rev.},
  volume={135},
  number={4},
  pages={1403--1423},
  year={2007}
}
	
	
@book{MT12,
  author={Meyn, S. P. and Tweedie, R. L.},
  title={Markov chains and stochastic stability},
  year={2012},
  publisher={Springer Science \& Business Media}
}

@book{MT04,
        author = "Milstein, G. N. and Tretyakov, M. V. ",
	title = "Stochastic Numerics for Mathematical Physics" ,
	edition= "",
	publisher= "Springer-Verlag",
	year= "2004"
}

@article{MC15,
  title={Accounting for model error due to unresolved scales within ensemble {Kalman} filtering},
  author={Mitchell, L. and Carrassi, A.},
  journal={Q. J. R. Meteorol. Soc.},
  volume={141},
  number={689},
  pages={1417--1428},
  year={2015},
  publisher={Wiley Online Library}
}

@article{MG12,
  title={Data Assimilation in Slow-Fast Systems Using Homogenized Climate Models},
  author={Mitchell, L. and Gottwald, G. A.},
  journal={J. Atmos. Sci.},
  volume={69},
  number={4},
  pages={1359--1377},
  year={2012},
  publisher={American Meteorological Society}
}

@article{MH00,
  title={An adaptive ensemble {Kalman} filter},
  author={Mitchell, H. L. and Houtekamer, P. L. },
  journal={Mon. Wea. Rev.},
  volume={128},
  number={2},
  pages={416--433},
  year={2000}
}


@article{MT07,
  author={Milstein, G. N. and Tretyakov, M. V.},
  title={Computing ergodic limits for {L}angevin equations},
  journal={Physica D: Nonlinear Phenomena},
  volume={229},
  number={1},
  pages={81--95},
  year={2007},
  publisher={Elsevier}
}


@article{MTAC12,
        author = "Morzfeld, M. and Tu, X. and Atkins, E. and Chorin, A. J. ",
	title = "A random map implementation of implicit filters",
	journal = "J. Comput. Phys.",
	volume = "231",
	year = "2012",
	number= "4",
	pages = "2049-2066" }
	
%	Morzfeld, M., Adams, J., Lunderman, S., and Orozco, R.: Feature-based data assimilation in geophysics, Nonlin. Processes Geophys. Discuss., https://doi.org/10.5194/npg-2017-52, in review, 2017.
@article{MALO17,
        author = "Morzfeld, M. and Adams, J. and Lunderman, S. and Orozco, R. ",
	title = "Feature-based data assimilation in geophysics",
	journal = "Nonlin. Processes Geophys. Discuss.",
	volume = "in review",
	year = "2017",
	number= "",
	pages = "2049-2066" }


@article{MM12,
        author = "Moselhy, T. A. and Marzouk, Y. M. ",
	title = "{B}ayesian inference with optimal maps",
	journal = "J. Comput. Phys.",
	volume = "231",
	year = "2012",
	number= " ",
	pages = "7815-7850" }


********* NNN *****************************


@article{Nou08,
  title={A simple theory for the study of SDEs driven by a fractional Brownian motion, in dimension one},
  author={Nourdin, Ivan},
  journal={S{\'e}minaire de probabilit{\'e}s XLI},
  pages={181--197},
  year={2008},
  publisher={Springer}
}


@article{Naj09,
        author = "Najm, H. N.",
	title = "Uncertainty quantification and polynomial chaos techniques in computational fluid dynamics",
	journal = "Ann. Rev. Fluid Mech.",
	volume = "41",
	year = "2009",
	pages = "35-52" }
	
@article{NoPe09,
  title={Stein's method on Wiener chaos},
  author={Nourdin, I. and Peccati, G.},
  journal={Probab. Theory Relat. Fields},
  volume={145},
  number={1-2},
  pages={75--118},
  year={2009},
}


@book{NoPe12,
        author = "Nourdin, I. and Peccati, G.",
	title = "Normal Approximations with Malliavin Calculus. From Stein's Method to Universality" ,
	edition= "Cambridge Tracts in Mathematics",
	publisher= "Cambridge University Press",
	year= "2012"
}

@article{novo2001efficient,
  title={Efficient methods using high accuracy approximate inertial manifolds},
  author={Novo, Julia and Titi, Edriss S and Wynne, Shannon},
  journal={Numerische Mathematik},
  volume={87},
  number={3},
  pages={523--554},
  year={2001},
  publisher={Springer}
}

@book{Nua06,
        author = "Nualart, D.",
	title = "The Malliavin calculus and related topics" ,
	edition= "2nd",
	publisher= "Springer-Verlag",
	year= "2006"
}

@article{NOL08,
  title={Central limit theorems for multiple stochastic integrals and {M}alliavin calculus},
  author={Nualart, D. and Ortiz-Latorre, S.},
  journal={Stochastic Process. Appl.},
  volume={118},
  number={4},
  pages={614--628},
  year={2008},
}

@article{NuPe05,
  author={Nualart, D. and Peccati, G.},
  title={Central limit theorems for sequences of multiple stochastic integrals},
  journal={Ann. Probab.},
  volume={33},
  number={1},
  pages={177--193},
  year={2005},
}



********* OOO *****************************
@article{Ors71,
  title={On the elimination of aliasing in finite-difference schemes by filtering high-wavenumber components},
  author={Orszag, S. A.},
  journal={J. Atmos. Sci.},
  volume={28},
  number={6},
  pages={1074--1074},
  year={1971}
}

@article{ohlwein2012review,
  title={Review of probabilistic pollen-climate transfer methods},
  author={Ohlwein, Christian and Wahl, Eugene R},
  journal={Quaternary Science Reviews},
  volume={31},
  pages={17--29},
  year={2012},
  publisher={Elsevier}
}

@book{oksendal2013_sde,
  title={Stochastic differential equations: an introduction with applications},
  author={{\O}ksendal, Bernt},
  year={2013},
  publisher={Springer Science \& Business Media},
  edition ={6th}
}

********* PPP *****************************
@article{poterjoy2016localized,
  title={A localized particle filter for high-dimensional nonlinear systems},
  author={Poterjoy, Jonathan},
  journal={Monthly Weather Review},
  volume={144},
  number={1},
  pages={59--76},
  year={2016}
}

@article{pitt1999filtering,
  title={Filtering via simulation: Auxiliary particle filters},
  author={Pitt, Michael K and Shephard, Neil},
  journal={Journal of the American statistical association},
  volume={94},
  number={446},
  pages={590--599},
  year={1999},
  publisher={Taylor \& Francis}
}

@incollection{pitt2001auxiliary,
  title={Auxiliary variable based particle filters},
  author={Pitt, Michael K and Shephard, Neil},
  booktitle={Sequential Monte Carlo methods in practice},
  pages={273--293},
  year={2001},
  publisher={Springer}
}

@article{carpenter1999improved,
  title={Improved particle filter for nonlinear problems},
  author={Carpenter, James and Clifford, Peter and Fearnhead, Paul},
  journal={IEE Proceedings-Radar, Sonar and Navigation},
  volume={146},
  number={1},
  pages={2--7},
  year={1999},
  publisher={IET}
}

@article{Pal01,
  author={Palmer, T. N.},
  title={A nonlinear dynamical perspective on model error: A proposal for non-local stochastic-dynamic parametrization in weather and climate prediction models},
  journal= {Q. J. Roy. Meteror. Soc.},
  volume= {127},
  number= {572},
  pages= {279--304},
  year= {2001},
}

@article{Pal14,
  author={Palmer, T. N.},
  title={More reliable forecasts with less precise computations: a fast-track route to cloud-resolved weather and climate simulators?},
  journal={Phil. Trans. R. Soc. A},
  volume={372},
  pages={20130391},
  year={2014},
  publisher={The Royal Society}
}

@article{PS07,
    author = {Pavliotis, G. A. and Stuart, A. M.},
    title = {Parameter estimation for multiscale diffusions},
    volume = "127",
    number= "4",
    journal = {J. Statist. Phys.},
    year = {2007},
    pages = {741-781},
}

@book{PS08,
  title={Multiscale methods: averaging and homogenization},
  author={Pavliotis, G. A. and Stuart, A.},
  year={2008},
  publisher={Springer Science \& Business Media}
}

@article{Phi59,
  title={The estimation of parameters in systems of stochastic differential equations},
  author={Phillips, A. W.},
  journal={Biometrika},
  volume={46},
  number={1-2},
  pages={67--76},
  year={1959},
  publisher={Biometrika Trust}
}

@article{PSW09,
        author = "Pokern, Y. and Stuart, A. M. and Wiberg, P.",
	title = "Parameter estimation for partially observed hypoelliptic diffusions",
	journal = "J. Roy. Statis. Soc. B",
	volume = "71",
	year = "2009",
	number= "1",
	pages = "49-73"}
	

@article{Pla99,
        author = "Platen, E.",
	title = "An introduction to numerical methods for stochastic differential equations",
	journal = "Acta Numer. ",
	volume = "8",
	year = "1999",
	pages = "197-246"
}

********* QQQ *****************************

********* RRR *****************************

@book{revuz2013continuous,
  title={Continuous martingales and Brownian motion},
  author={Revuz, Daniel and Yor, Marc},
  volume={293},
  year={2013},
  publisher={Springer Science \& Business Media}
}


@book{Rao99,
        author = "Rao, P. B.L.S.",
	title = "Statistical Inference for Diffusion Type Processes",
	edition= " ",
	publisher= "Oxford University Press",
	year= "1999"}


@article{RR09,
  author={Reinert, G. and R{\"o}llin, A.},
  title={Multivariate normal approximation with {S}tein?s method of exchangeable pairs under a general linearity condition},
  journal={Ann. Probab.},
  volume={37},
  number={6},
  pages={2150--2173},
  year={2009},
  publisher={Institute of Mathematical Statistics}
}

@article{RND12,
        author = "Rizzi, F. and Najm, H. N. and Debusschere, B. J. and Sargsyan, K. and Salloum, M. and Adalsteinsson, H. and Knio, O. M.",
	title = "Uncertainty quantification in {MD} simulations. {P}art {II}: {B}ayesian inference of force-field parameters",
	journal = "Multiscale Model. Simul.",
	volume = "10(4)",
	year = "2012",
	pages = "1460-1492" }

@article{Rob94,
        author = "Robinson, J. C.",
	title = "Inertial manifolds for the {Kuramoto-Sivashinsky} equation",
	journal = "Phys. Lett. A,",
	volume = "184",
	year = "1994",
	number= "2",
	pages = "190-193" }
	
@book{Robinson2001infinite,
  title={Infinite-dimensional dynamical systems: an introduction to dissipative parabolic PDEs and the theory of global attractors},
  author={Robinson, James C},
  volume={28},
  year={2001},
  publisher={Cambridge University Press}
}	
	
@article{Ros95,
     author = {Rosa, R.},
     title = {Approximate inertial manifolds of exponential order},
     journal = {Discrete Contin. Dynam. Systems},
     volume = {3},
     number = {1},
     pages = {421-448},
     year = {1995},
     }

@article{RK95,
  title={A particle model for the Kuramoto-Sivashinsky equation},
  author={Rost, M. and Krug, J.},
  journal={Physica D},
  volume={88},
  number={1},
  pages={1--13},
  year={1995},
}

@article{Rum82,
     author = {R\"{u}melin, W.},
     title = {Numerical treatment of stochastic differential equations},
     journal = {SIAM J. Numer. Anal.},
     volume = {19},
     number = {3},
     jstor_formatteddate = {Jun., 1982},
     pages = {604-613},
     year = {1982},
     }

********* SSS *****************************

@article{stefanski1990deconvolving,
  title={Deconvolving kernel density estimators},
  author={Stefanski, Leonard A and Carroll, Raymond J},
  journal={Statistics},
  volume={21},
  number={2},
  pages={169--184},
  year={1990},
  publisher={Taylor \& Francis}
}

@book{silverman1986density,
  title={Density estimation for statistics and data analysis},
  author={Silverman, Bernard W},
  volume={26},
  year={1986},
  publisher={CRC press}
}

@article{SB11,
  title={Relation between two common localisation methods for the EnKF},
  author={Sakov, P. and Bertino, L.},
  journal={Computational Geosciences},
  volume={15},
  number={2},
  pages={225--237},
  year={2011},
  publisher={Springer}
}

@article{ST12,
        author = "Samson, A. and Thieullen, M.",
	title = "A contrast estimator for completely or partially observed hypoelliptic diffusion",
	journal = "Stochastic Process. Appl.",
	volume = "122",
	number= "7",
	year = "2012",
	pages = "2521-2552"}
	
@article{San96,
        author = "Sandri, M.",
	title = "Numerical calculation of {L}yapunov exponents",
	journal = "Math. J.",
	volume = "6",
	number= "3",
	year = "1996",
	pages = "78-84"}	

@article{Sauer1991embedology,
  title={Embedology},
  author={Sauer, Tim and Yorke, James A and Casdagli, Martin},
  journal={Journal of statistical Physics},
  volume={65},
  number={3},
  pages={579--616},
  year={1991},
  publisher={Springer} 
  }

@article{SGH93,
  title={Positive {L}yapunov exponents in the {K}ramers oscillator},
  author={Schimansky-Geier, L. and Herzel, H.},
  journal={J. Stat. Phys.},
  volume={70},
  number={1-2},
  pages={141--147},
  year={1993},
  publisher={Springer}
}
	
@article{SPKP13,
  author={Schmuck, M. and Pradas, M. and Kalliadasis, S. and Pavliotis, G. A.},
  title={New stochastic mode reduction strategy for dissipative systems},
  journal={ Phys. Rev. Lett.},
  volume = {110},
  number={24},
  pages={244101},
  year={2013},
  }
@article{SPPK15,
  author={Schmuck, M. and Pradas, M. and Pavliotis, G. A. and Kalliadasis, S.},
  title={A new mode reduction strategy for the generalized {Kuramoto--Sivashinsky} equation},
  journal={IMA J. Appl. Math.},
  volume={80},
  number={2},
  pages={273--301},
  year={2015},
  publisher={IMA}
}	


 @article{Siv77,
  author={Sivashinsky, G. I.},
    title={Nonlinear analysis of hydrodynamic instability in laminar flames?{I}. Derivation of basic equations},
  journal={Acta astronautica},
  volume={4},
  number={11},
  pages={1177--1206},
  year={1977},
}


@incollection{Sko10,
  author={Skokos, C.},
  title={The {Lyapunov} characteristic exponents and their computation},
  booktitle={Dynamics of Small Solar System Bodies and Exoplanets},
  pages={63--135},
  year={2010},
  publisher={Springer}
}

@article{Sor04,
  title={Parametric inference for diffusion processes observed at discrete points in time: a survey},
  author={S{\o}rensen, H.},
  journal={Int. Stat. Rev.},
  volume={72},
  number={3},
  pages={337--354},
  year={2004},
  publisher={Wiley Online Library}
}

@article{Sor97,
  title={Estimating functions for discretely observed diffusions: A review},
  author={S{\o}rensen, M.},
  journal={Lecture Notes-Monograph Series},
  pages={305--325},
  year={1997},
  publisher={JSTOR}
}


@incollection{Sor12,
  author      = "S{\o}rensen, M.",
  title       = "Estimating functions for diffusion-type processes",
  editor      = "Kessler, M. and Lindner, A. and S{\o}rensen, M.",
  booktitle   = "Statistical Methods for Stochastic Differential Equations",
  publisher   = "Oxford University Press",
  address     = "London",
  year        = 2012,
}

@book{Sor2012,
  author={S{\o}rensen, M.},
  title={Estimating functions for diffusion-type processes},
  journal={Statistical methods for stochastic differential equations},
  volume={124},
  pages={1--107},
  year={2012},
  publisher={Monographs on Statistics and Applied Probability}
}



@article{Sti04,
  author = {Stinis, P.},
  title={Stochastic optimal prediction for the {Kuramoto--Sivashinsky} equation},
  journal={Multiscale Modeling Simul.},
  volume={2},
  number={4},
  pages={580--612},
  year={2004},
}

@article{Sti12,
        author = "Stinis, P.",
	title = "{Mori--Zwanzig} reduced models for uncertainty quantification {II}: initial condition uncertainty",
	journal = "arXiv:1211.6330v1",
	volume = " ",
	number= " ",
	year = "2012",
	pages = ""}
	
@article{Sti13,
        author = "Stinis, P.",
	title = "Renormalized reduced models for singular {PDE}'s",
	journal = "Comm. Appl. Math. Comp. Phys.",
	volume = "8",
	number= "1",
	year = "2013",
	pages = "39-66"}	
	
@article{Sti15,
  author={Stinis, P.},
  title={Renormalized {Mori--Zwanzig} reduced models for systems without scale separation},
  journal ={Proc. R. Soc. A},
  volume={471},
  pages={20140446},
  year={2015},
}	

@article{Sto86,
        author = "Stoffer, D. S.",
	title = "Estimation and identification of space-time {ARMAX} models in the presence of missing data",
	journal = "J. Am. Statist. Assoc.",
	volume = "81",
	no.= "395",
	year = "1986",
	pages = "762-772" }

@book{Sch00,
        author = "Schoutens, W.",
	title = "Stochastic Processes and Orthogonal Polynomials",
	edition= " ",
	publisher= "Springer",
	year= "2000" }

@article{Sto02,
        author = "Storvik, G.",
	title = "Particle filters for state-space models with the presence of unknown static parameters",
	journal = "{IEEE} Trans. Signal Processing",
	pages = " 281-289",
	year = "2002",	
	}

@article{Stu10,
        author = "Stuart, A. M.",
	title = "Inverse problems: a {B}ayesian perspective",
	journal = "Acta Numer.",
	volume = "19",
	year = "2010",
	number= " ",
	pages = "451-559" }
	
	
	@article{SSGK10,
       author={Sonday, B. E. and Singer, A. and Gear, C. W. and Kevrekidis, I. G.},
	title = "Manifold learning techniques and model reduction applied to dissipative {PDEs}",
	journal="arXiv preprint arXiv:1011.5197",
	volume = "",
	year = "2010",
	number= " ",
	pages = "" }



********* TTT *****************************

@article{tu2013dynamic,
  title={On dynamic mode decomposition: theory and applications},
  author={Tu, Jonathan H and Rowley, Clarence W and Luchtenburg, Dirk M and Brunton, Steven L and Kutz, J Nathan},
  journal={arXiv preprint arXiv:1312.0041},
  year={2013}
}


@article{Tal02,
        author = "Talay, D. ",
	title = "Stochastic {H}amiltonian systems: exponential convergence to the invariant measure, and discretization by the implicit {E}uler scheme",
	journal = "Markov Process. Related Fields",
	volume = "8",
	number= "2",
	year = "2002",
	pages = "163 - 198" }
	
@article{Takens1981detecting,
  title={Detecting strange attractors in turbulence},
  author={Takens, Floris and others},
  journal={Lecture notes in mathematics},
  volume={898},
  number={1},
  pages={366--381},
  year={1981},
  publisher={Springer}
}

@article{TC87variational,
  title={Variational assimilation of meteorological observations with the adjoint vorticity equation. {I: Theory}},
  author={Talagrand, Olivier and Courtier, Philippe},
  journal={Quarterly Journal of the Royal Meteorological Society},
  volume={113},
  number={478},
  pages={1311--1328},
  year={1987},
  publisher={Wiley Online Library}
}

@book{Ta05,
        author = "Tarantola, A.",
	title = "Inverse Problem Theory and Methods for Model Parameter Estimation",
	publisher= "SIAM",
	year= "2005" }

@article{TW94,
        author = "Temam, R. and Wang, X.",
	title = "Estimates on the lowest dimension of inertial manifolds for the {Kuramoto-Sivashinsky} equation in the general case",
	journal = "Differ. Integral Equ.",
	volume = "7",
	number= "3-4",
	year = "1994",
	pages = "1095-1108" }

@book{Tem12,
  title={Infinite-dimensional dynamical systems in mechanics and physics},
  author={Temam, Roger},
  volume={68},
  year={2012},
  publisher={Springer Science \& Business Media}
}

 @article{Toh87,
  author= "Toh, S.",
  title= "Statistical model with localized structures describing the spatio-temporal chaos of
  {Kuramoto-Sivashinsky} equation",
  journal = "J. Phys. Soc. Jpn.",
  volume="56",
  number="3",
  pages="949-962",
  year="1987",
  }


@article{TMK15,
  title={Nonlinear stability of the ensemble {Kalman filter} with adaptive covariance inflation},
  author={Tong, X. T. and Majda, A. J. and Kelly, D. B.},
  journal={arXiv:1507.08319},
  year={2015}
}

@article{TMK16,
  title={Nonlinear stability and ergodicity of ensemble based {Kalman} filters},
  author={Tong, X. T. and Majda, A. J. and Kelly, D. B.},
  journal={Nonlinearity},
  volume={29},
  number={2},
  pages={657},
  year={2016},
  publisher={IOP Publishing}
}

@article{tong2017performance,
  title={Performance analysis of local ensemble Kalman filter},
  author={Tong, Xin T},
  journal={arXiv preprint arXiv:1705.10598},
  year={2017}
}

@article{TMWC,
        author = "Tu, X. and Morzfeld, M.  and Wilkening,  J. and Chorin, A. J.",
	title = "Implicit sampling for an elliptic inverse problem in underground hydrodynamics",
	year = "arXiv:1308.4640, 2013",
 }

********* UUU *****************************
********* VVV *****************************

@article{VW12,
        author = "Vanden-Eijnden, E. and Weare, J.",
	title = "Rare event simulation and small noise diffusions",
	journal = "Comm. Pure Appl. Math.",
	volume = "65",
	number= "12",
	year = "2012",
	pages = "1770- 1803" }

@article{VW13,
        author = "Vanden-Eijnden, E. and Weare, J.",
	title = "Data assimilation in the low noise regime with application to the {K}uroshio",
	journal = "Mon. Wea. Rev.",
	volume = "141",
	number= "6",
	year = "2013",	
	pages = "1822-1841" }


@book{Var84,
        author = "Varadhan, S.R.S.",
	title = "Large deviations and applications",
	series   = "CBMS-NSF Regional Conference Series in Applied Mathematics, 46",
	edition= " ",
	publisher= "Society for Industrial and Applied Mathematics (SIAM), Philadelphia, PA",
	year= "1984" }

********* WWWW *****************************

@article{walsh2005finite,
  title={Finite element methods for parabolic stochastic PDE?s},
  author={Walsh, John B},
  journal={Potential Analysis},
  volume={23},
  number={1},
  pages={1--43},
  year={2005},
  publisher={Springer}
}


@article{wang2015structured,
  title={Structured block basis factorization for scalable kernel matrix evaluation},
  author={Wang, Ruoxi and Li, Yingzhou and Mahoney, Michael W and Darve, Eric},
  journal={arXiv preprint arXiv:1505.00398},
  year={2015}
}

@article{WK05,
    author = "Wan, X. and Karniadakis, G. E.",
	title = " An adaptive multi-element generalized polynomial chaos method for stochastic differential equations",
	journal = "J. Comput. Phys.",
	volume = "209",
	number= "2",
	year = "2005",
	pages = "617-642"
}

@INPROCEEDINGS{WC02,
    author = {Whitaker, J.S. and Compo, G.P.},
    title = {An ensemble {Kalman} smoother for reanalysis},
    booktitle = {Proc. Symp. on Observations, Data Assimilation and Probabilistic Prediction},
    year = {2002},
    pages ={144-147},
    organization ={Orlando, FL, Amer. Meteor. Soc.}
}



@book {Wid54,
    AUTHOR = {Widder, David Vernon},
     TITLE = {The {L}aplace {T}ransform},
    SERIES = {Princeton Mathematical Series, v. 6},
 PUBLISHER = {Princeton University Press},
   ADDRESS = {Princeton, N. J.},
      YEAR = {1941},
     PAGES = {406},
}

@article{Wil05,
    author = "Wilks, D. S.",
	title = " Effects of stochastic parameterizations in the {L}orenz{'}96 system",
	journal = "Q. J. R. Meteorol. Soc.",
	volume = "131",
        number= "606",
	year = "2005",
	pages = "389-407"
}

@book{Wil11,
        author = "Wilks, D. S.",
	title = "Statistical Methods in the Atmospheric Sciences",
	edition= " ",
	publisher= "Academic, Oxford UK",
	year= "2011" }

@article{WH99,
  author={Wittenberg, R. W. and Holmes, P.},
  title={Scale and space localization in the {Kuramoto-Sivashinsky} equation},
  journal={Chaos: An Interdisciplinary Journal of Nonlinear Science},
  volume={9},
  number={2},
  pages={452--465},
  year={1999},
 }


********* XXX *****************************

@article{Xiong04,
  author={Xiong, J.},
  title={A stochastic Log-{L}aplace equation},
  journal={Ann. Probab.},
  volume={32},
  number={3B},
  pages={2362--2388},
  year={2004}
}

@article{xiu2002wiener,
  title={The Wiener--Askey polynomial chaos for stochastic differential equations},
  author={Xiu, Dongbin and Karniadakis, George Em},
  journal={SIAM journal on scientific computing},
  volume={24},
  number={2},
  pages={619--644},
  year={2002},
  publisher={SIAM}
}

@book{Xiu10,
        author = "Xiu, D. B. ",
	title = "Numerical Methods for Stochastic Computations: A Spectral Method Approach",
	edition= " ",
	publisher= "Princeton University Press",
	year= "2010" }

@article{XG03,
        author = "Xu, C. and Guo,  B.",
	title = "Hermite spectral and pseudo-spectral methods for nonlinear partial differential equations in multiple dimensions",
	journal = "Comput. Appl. Math.",
	volume = "22",
	year = "2003",
	number= "2",
	pages = "167-193" }

@article{Xiu09,
        author = "Xiu. D. B.",
	title = "Fast numerical methods for stochastic computations: a review",
	journal = "Commun. Comput. Phys.",
	volume = "5",
	year = "2009",
	number= "2-4",
	pages = "242-272" }


********* YYY *****************************
@article{yuan2010reproducing,
  title={A reproducing kernel Hilbert space approach to functional linear regression},
  author={Yuan, Ming and Cai, T Tony},
  journal={The Annals of Statistics},
  volume={38},
  number={6},
  pages={3412--3444},
  year={2010},
  publisher={Institute of Mathematical Statistics}
}

@article{Yak81,
  title={Large-scale properties of unstable systems governed by the {Kuramoto-Sivashinksi} equation},
  author={Yakhot, V.},
  journal={Phys. Rev. A},
  volume={24},
  number={1},
  pages={642},
  year={1981},
}


@article{ye2015improved,
  title={Improved variational methods in statistical data assimilation},
  author={Ye, J and Kadakia, N and Rozdeba, PJ and Abarbanel, HDI and Quinn, JC},
  journal={Nonlinear Processes in Geophysics},
  volume={22},
  number={2},
  pages={205--213},
  year={2015},
  publisher={Copernicus GmbH}
}

@article{Y13,
  author={Young, L.-S.},
  title={Mathematical theory of {Lyapunov} exponents},
  journal={J. Phys. A Math. Theor.},
  volume={46},
  number={25},
  pages={254001},
  year={2013},
  publisher={IOP Publishing}
}

********* ZZZZ *****************************
@article{Zal89,
  author={Zaleski, S.},
  title={A stochastic model for the large scale dynamics of some fluctuating interfaces},
  journal={Physica D},
  volume={34},
  number={3},
  pages={427--438},
  year={1989},
  publisher={Elsevier}
}



@article{Zel14,
  title={Inertial manifolds and finite-dimensional reduction for dissipative {PDEs} },
  author={Zelik, S.},
  journal={P. Roy. Soc. Edinb. A},   volume={144},
  number={6},
  pages={1245--1327},
  year={2014},
  publisher={Royal Society of Edinburgh Scotland Foundation}
}
% Proceedings of the Royal Society of Edinburgh Section A: Mathematics},

@book{ZW13,
 author = {Zeng, Y. and Wu (eds.), S.},
 title = {State Space Models, with Applications in Economics and Finance},
 year = {2013},
 isbn = {},
 publisher = {Springer, New York, NY},
 address = {},
}


@article{ZH15,
  title={Adaptive error covariances estimation methods for ensemble {Kalman} filters},
  author={Zhen, Y. and Harlim, J.},
  journal={J. Comput. Phys.},
  volume={294},
  pages={619--638},
  year={2015},
  publisher={Elsevier}
}

@article{ZSS04,
  title={Impacts of initial estimate and observation availability on convective-scale data assimilation with an ensemble {Kalman} filter},
  author={Zhang, F. and Snyder, C. and Sun, J.},
  journal={Mon. Wea. Rev.},
  volume={132},
  number={5},
  pages={1238--1253},
  year={2004}
}

@article{Zwa73,
        author = "Zwanzig, R.",
	title = "Nonlinear generalized {L}angevin equations",
	journal = "J. Stat. Phys.",
	volume = "9",
	number= "3",
	year = "1973",
	pages = "215-220"
}

@book{Zwa01,
 author = {Zwanzig, R.},
 title = {Nonequilibrium Statistical Mechanics},
 year = {2001},
 isbn = {},
 publisher = {Oxford University Press, USA},
 address = {},
}

@article{FO10,
        author = {Friz, P. and Oberhauser, H.},
	title = {A generalized {F}ernique theorem and applications},
	journal = {Proceedings of the American Mathematical Society},
	volume = 138,
	number= 10,
	year = 2010,
	pages = {3679-3688},
}




	




	

	




	



	
